2492 3885
926 287 1487 343 EPAMINONDAS.

2035 285 2153 347 163

240 448 578 523 venissent,
607 450 686 510 ob
730 469 988 529 eamque
1033 470 1164 509 rem
1208 449 1534 528 imperium
1575 447 1651 507 iis
1696 454 1863 507 esset
1907 445 2186 526 abroga-⁴

240 548 397 613 tum,
426 550 611 619 atque
639 541 700 600 in
734 561 943 601 eorum
975 541 1177 600 locum
1207 540 1309 599 alii
1346 550 1641 618 praetores
1681 537 2153 598 successissent:

239 628 1105 710 Epaminondaspopuliscito
1145 651 1268 690 non
1312 630 1531 708 paruit,
1562 629 1850 707 idemque
1894 637 1962 688 ut
2001 629 2152 688 face·

239 730 397 795 rent,
451 722 757 801 persuasit
798 721 1081 800 collegis,
1139 730 1204 781 et
1259 721 1506 792 bellum,
1558 719 1722 798 quod
1783 729 2152 798 susceperat,

236 813 453 891 gessit.
535 812 823 892 Namque
853 812 1404 883 animadvertebat,
1427 810 1544 869 nisi
1573 811 1635 869 id
1668 810 1931 883 fecisset,
1948 820 2152 871 totum
2211 813 2245 873 5

238 903 580 963 exercitum
607 914 860 983 propter
884 913 1217 982 praetorum
1238 901 1720 980 imprudentiam
1743 901 2152 961 inscientiam·

237 1013 359 1073 que
388 995 534 1054 belli
562 995 916 1074 periturum.
1000 993 1133 1053 Lex
1162 1003 1296 1053 erat
1324 992 1575 1066 Thebis,
1607 1012 1742 1071 quae
1773 1001 1973 1065 morte,
2001 993 2151 1051 mul-

234 1087 431 1160 tabat,
459 1086 511 1146 si
551 1087 686 1166 quis
730 1086 1053 1166 imperium
1099 1085 1334 1145 diutius
1381 1084 1755 1158 retinuisset,
1783 1085 1967 1163 quam
2010 1084 2148 1163 lege

232 1176 609 1256 praefinitum
645 1177 821 1237 foret.

904 1175 1086 1236 Hanc
1128 1175 1595 1254 Epaminondas
1641 1195 1829 1254 quum
1872 1174 2150 1253 reipubli-

234 1287 324 1328 cae
354 1269 791 1328 conservandae
820 1280 1005 1328 causa
1031 1269 1222 1327 latam
1250 1267 1506 1339 videret,
1536 1267 1612 1325 ad
1649 1265 1981 1344 perniciem
2009 1265 2147 1324 civi·
2168 1274 2244 1334 10

232 1358 385 1418 tatis
441 1359 715 1419 conferre
769 1359 1002 1433 noluit3
1056 1367 1121 1418 et
1177 1367 1473 1437 quattuor
1528 1358 1840 1416 mensibus
1897 1356 2147 1431 diutius,

234 1469 422 1529 quam
465 1451 727 1529 populus
759 1450 1048 1530 jusserat,
1088 1450 1287 1529 gessit
1325 1449 1667 1527 imperium.

316 1539 505 1601 VIII.
587 1541 930 1621 Postquam
971 1543 1226 1601 domum
1267 1540 1536 1600 reditum
1580 1549 1689 1613 est,
1722 1539 1972 1618 collegae
2014 1539 2145 1617 ejus

231 1632 356 1692 hoc
409 1632 662 1692 crimine
717 1634 1176 1693 accusabantur.

234 1742 485 1783 omnem
513 1744 762 1783 causam
788 1724 853 1784 in
881 1745 948 1784 se
976 1724 1397 1795 transferrent,
1426 1733 1656 1801 suaque
1686 1733 1871 1799 opera
1911 1722 2142 1780 factum
2165 1726 2239 1785 15

1277 1631 1518 1703 Quibus
1573 1631 1675 1690 ille
1729 1630 2026 1710 permisit,
2074 1639 2145 1689 ut

233 1815 702 1888 contenderent,
728 1825 800 1875 ut
842 1816 966 1895 legi
1009 1835 1134 1875 non
1179 1813 1521 1873 obedirent.
1605 1812 1746 1884 Qua
1786 1811 2142 1871 defensione

136 1965 141 1968 ,
235 1905 357 1965 illis
402 1905 676 1985 periculo
719 1906 1008 1980 liberatis,
1053 1925 1236 1965 nemo
1281 1903 1780 1983 Epaminondam
1825 1922 2144 1981 responsu·
2217 1971 2220 1975 ¹

231 2016 371 2055 rum
408 1998 686 2081 putabat,
716 1998 900 2077 quod,
929 1997 1074 2075 quid
1107 1997 1356 2068 diceret,
1387 2016 1511 2054 non
1554 1995 1826 2054 haberet.
1906 1995 1999 2053 At
2040 1994 2141 2052 ille

231 2086 299 2146 in
317 2087 622 2167 judicium
650 2088 858 2163 venit3
900 2088 1049 2147 nihil
1081 2107 1295 2146 eorum
1332 2086 1601 2164 negavit,
1631 2105 1766 2164 qnae
1812 2084 2143 2144 adversarii

233 2177 477 2238 crimini
519 2177 769 2252 dabant,
811 2179 1156 2257 omniaque,
1195 2197 1331 2256 quae
1374 2177 1622 2255 collegae
1668 2176 1967 2248 dixerant,
2009 2196 2144 2236 con·
2161 2186 2240 2246 20

231 2267 431 2328 fessus
487 2278 601 2341 est,
643 2288 844 2347 neque
897 2269 1222 2340 recusavit,
1267 2287 1390 2346 quo
1437 2267 1640 2326 minus
1689 2266 1843 2345 legis
1900 2285 2143 2345 poenam

234 2360 503 2433 subiret3
550 2360 658 2418 sed
706 2380 899 2419 unum
949 2360 1027 2419 ab
1073 2359 1149 2418 iis
1198 2359 1440 2437 petivit,
1487 2370 1557 2417 ut
1604 2358 1668 2417 in
1711 2358 1981 2436 periculo
2030 2378 2144 2418 suo

233 2449 608 2510 scriberent:
636 2449 1152 2530 “Epaminondas
1181 2469 1219 2509 a
1246 2449 1558 2509 Thebanis
1601 2458 1800 2508 morte
1841 2449 2141 2509 multatus

293 2636 335 2681 9.
352 2601 514 2699 foret]
577 2637 807 2683 Unusual
828 2637 907 2683 for
924 2603 1056 2683 esset.

293 2707 364 2752 11.
396 2704 631 2767 confir-re]
664 2708 858 2765 Repeat
884 2719 939 2753 as
970 2706 1159 2763 subject

230 2774 361 2823 hanc
386 2776 593 2836 (leqem).

291 2846 550 2906 mensibus]
629 2846 858 2893 Ablative
886 2846 947 2892 of
990 2857 1151 2892 meas-

231 2927 320 2962 ure
343 2916 403 2960 of
417 2916 695 2962 difference.
755 2916 823 2961 Η.
842 2915 947 2963 418.

280 3040 444 3084 vm.
482 3040 898 3093 Epaminondas
917 3039 1154 3085 defends

228 3102 462 3146 himself
481 3103 645 3147 when
677 3103 929 3152 accused,
957 3102 1070 3147 and
1103 3103 1153 3146 is

227 3162 538 3215 honorably
558 3163 853 3217 acquitted.

286 3259 359 3304 13.
391 3258 603 3305 red-itum
622 3258 711 3318 est]
756 3260 834 3316 By
856 3260 940 3305 the
960 3259 1152 3317 passive

225 3328 287 3374 of
307 3330 619 3374 intransitive
647 3330 810 3385 verbs,
831 3330 870 3374 it
898 3330 940 3375 is
971 3329 1153 3384 simply

224 3398 448 3443 asserted
497 3399 606 3443 that
652 3399 738 3444 the
794 3400 957 3444 action
1010 3399 1152 3443 takes

223 3467 381 3524 place,
406 3467 609 3524 usually
625 3467 833 3513 without
853 3468 1034 3524 special
1054 3467 1150 3513 ref-

224 3546 402 3581 erence
432 3538 488 3580 to
519 3535 602 3580 the
633 3541 795 3592 agent,
818 3536 994 3592 which,
1016 3536 1151 3581 how-

224 3614 356 3660 ever,
386 3603 430 3649 is
463 3604 746 3650 sometimes
777 3605 1047 3663 expressed
1084 3606 1151 3661 by

1216 2635 1304 2681 the
1324 2636 1539 2681 ablative
1559 2635 1681 2681 with
1711 2647 1743 2680 a
1769 2635 2084 2693 preposition.

1277 2706 1348 2750 14.
1381 2704 1607 2765 crimine]
1670 2704 1777 2751 The
1819 2705 2033 2751 amative
2076 2705 2137 2751 of

1215 2785 1405 2820 means,

1278 2842 1347 2888 18.
1378 2842 1796 2902 quid—haberet]
1832 2843 1941 2889 ‘He
1974 2843 2140 2890 would

1213 2916 1304 2957 not
1323 2912 1475 2957 know
1489 2912 1622 2957 what
1643 2920 1695 2958 to
1716 2924 1805 2968 say
1820 2927 1833 2967 ς
1850 2911 1861 2931 ’
1881 2925 1980 2957 non
1992 2910 2141 2957 habeo

1213 2980 1341 3038 quod
1377 2980 1540 3026 dicam
1580 2982 1623 3026 is
1662 2981 1948 3037 equivalent
1987 2983 2060 3027 to-
2081 2983 2093 3006 ‘
2112 2980 2140 3027 Ι

1211 3048 1343 3095 have
1364 3050 1571 3105 nothing
1590 3053 1642 3093 to
1663 3048 1785 3105 say)

1271 3116 1344 3162 20.
1386 3117 1585 3163 crimini
1628 3117 1830 3176 dabant]
1899 3119 1912 3142 ‘
1929 3116 2139 3174 Alleged

1213 3188 1408 3242 against
1445 3186 1583 3236 him.’
1622 3187 1708 3232 the
1749 3187 1913 3231 dative
1953 3187 2012 3231 of
2053 3187 2138 3232 the

1211 3268 1391 3314 person
1439 3257 1590 3314 being
1638 3255 1956 3302 understood.
2066 3255 2135 3301 H.

1209 3324 1312 3380 390,
1353 3323 1398 3370 2.

1268 3393 1341 3439 22.
1371 3393 1571 3454 subiret]
1605 3394 1712 3440 The
1740 3392 2052 3450 subjunctive
2072 3394 2131 3440 of

1210 3475 1440 3526 purpose.
1503 3465 1569 3509 H.
1591 3465 1695 3510 499.

1260 3533 1494 3592 perio-uh]
1560 3537 1573 3560 ‘
1589 3533 1650 3579 In
1670 3535 1755 3579 the
1769 3531 1941 3579 record
1960 3532 2021 3578 of
2052 3532 2133 3579 his

1210 3602 1622 3649 condemnation.'
