2492 3885
325 272 446 333 162
918 270 1332 326 CORNELIUS
1377 273 1632 326 NEPOS.

323 432 518 493 eluxit
563 430 819 511 Spartae,
863 431 1056 510 legati
1100 442 1244 492 ante
1286 453 1561 512 pugnam
1601 430 2008 491 Leuctricam.
2092 428 2247 501 Quo

324 544 513 604 quum
543 524 817 582 omnium
846 524 1147 582 sociorum
1177 524 1612 592 convenissent
1641 522 1848 601 legati,
1877 541 2085 581 coram
2126 521 2249 579 fre-

324 614 728 695 quentissimo
790 614 1171 692 legationum
1234 619 1545 674 coffventu
1602 614 1691 672 sic
1744 610 2247 671 Lacedaemonio-

322 726 457 765 rum
504 705 894 784 tyrannidem
940 705 1232 783 coarguit,
1280 713 1349 764 ut
1392 725 1515 763 non
1561 703 1763 762 minus
1811 703 1914 761 illa
1958 701 2245 761 oratione

269 791 473 874 50pes
503 815 715 855 eorum
744 796 1136 868 concusserit,
1165 797 1353 874 quam
1394 793 1722 854 Leuctrica
1762 803 1987 872 pugna.
2072 791 2246 850 Tum

325 887 489 946 enim
533 887 804 966 perfecit,
835 886 1001 964 quod
1046 896 1191 964 post
1237 885 1540 965 apparuit,
1569 894 1639 945 ut
1682 884 1910 945 auxilio
1955 882 2246 942 Lacedae-

325 977 512 1036 monii
543 978 848 1037 sociorum
878 977 1283 1056 privarentur.

404 1067 557 1127 VII.
631 1068 853 1128 Fuisse
881 1068 1224 1148 patientem
1253 1087 1625 1147 suorumque
1651 1066 1902 1145 injurias
1931 1065 2244 1124 ferentem

325 1157 566 1232 civium,
595 1159 761 1237 quod
803 1179 870 1218 se
915 1159 1129 1238 patriae
1172 1159 1354 1218 irasci
1398 1160 1570 1218 nefas
1614 1177 1748 1217 esse
1793 1156 2065 1227 duceret,
2104 1155 2244 1214 haec

230 1252 306 1314 10
326 1260 472 1310 sunt
516 1251 889 1310 testimonia.
973 1250 1183 1321 Quum
1233 1270 1377 1309 eum
1420 1259 1673 1329 propter
1719 1247 2019 1307 invidiam
2067 1245 2241 1304 cives

324 1341 420 1400 sui
448 1342 753 1419 praeficere
782 1341 1079 1401 exercitui
1105 1342 1467 1415 noluissent,
1484 1341 1734 1419 duxque
1763 1350 1930 1398 esset
1956 1337 2240 1396 delectus

324 1433 468 1492 belli
497 1432 835 1511 imperitus,
865 1433 1036 1511 cujus
1068 1453 1270 1492 errore
1299 1452 1374 1492 eo
1403 1441 1570 1491 esset
1598 1431 1869 1489 deducta
1897 1430 2002 1487 illa
2035 1428 2244 1486 multi-

323 1522 479 1582 tudo
508 1523 788 1594 militum,
817 1532 889 1582 ut
918 1543 1131 1583 omnes
1171 1522 1250 1582 de
1279 1523 1478 1582 salute
1517 1521 2040 1601 pertimescerent,
2069 1518 2242 1598 quod

323 1613 595 1671 locorum
627 1613 926 1691 angustiis
954 1613 1146 1671 clausi
1175 1614 1255 1672 ab
1293 1612 1574 1671 hostibus
1617 1611 2092 1672 obsidebantur:
2136 1609 2242 1667 de-

230 1708 305 1767 15
326 1702 578 1761 siderari
611 1712 811 1781 coepta
852 1712 948 1762 est
992 1702 1443 1781 Epaminondae
1491 1702 1847 1781 diligentia3
1892 1710 2026 1759 erat
2072 1699 2241 1758 enim

324 1793 408 1853 ibi
461 1793 738 1872 privatus
793 1813 1050 1853 numero
1105 1795 1340 1854 militis.
1424 1793 1489 1852 A
1538 1814 1661 1873 quo
1707 1812 1898 1872 quum
1951 1799 2243 1870 peterent

324 1904 524 1965 opem,
551 1885 784 1945 nullam
815 1885 1097 1946 adhibuit
1123 1886 1488 1946 memoriam
1529 1883 1936 1955 contumeliae,
1964 1892 2030 1941 et
2071 1901 2243 1939 exer-

324 1978 532 2049 citum,
561 1978 882 2036 obsidione
912 1977 1256 2050 liberatum,
1287 1978 1541 2036 domum
1567 1975 1815 2035 reduxit
1842 1974 2237 2033 incolumem.

252 2141 255 2144 Ἴ
322 2067 462 2128 Nec
518 2087 666 2127 vero
722 2069 842 2127 hoc
896 2068 1088 2127 semel
1142 2067 1305 2140 fecit,
1347 2067 1459 2127 sed
1501 2066 1741 2144 saepius.
1822 2063 2099 2123 Maxime
2143 2083 2242 2121 au-

227 2167 304 2225 20
326 2170 452 2217 tem
479 2158 596 2217 fuit
624 2158 876 2231 illustre,
907 2178 1096 2236 quum
1125 2157 1625 2236 Peloponnesum
1655 2155 1993 2215 exercitum
2035 2153 2243 2212 duxis-

325 2258 424 2308 set
451 2250 746 2309 adversus
785 2247 1307 2320 Lacedaemonios,
1335 2248 1709 2325 haberetque
1751 2246 2018 2324 collegas
2063 2245 2242 2316 duos,

326 2360 586 2418 quorum
641 2341 798 2399 alter
851 2350 984 2399 erat
1037 2339 1392 2417 Pelopidas,
1442 2338 1537 2396 vir
1587 2337 1762 2396 sortis
1813 2356 1884 2395 ac
1932 2347 2242 2394 strenuus,

323 2429 412 2490 Hi
453 2451 643 2510 quum
681 2430 1034 2491 criminibus
1079 2429 1568 2489 adversariorum
1604 2447 1816 2487 omnes
1844 2426 1911 2486 in
1941 2424 2243 2485 invidiam

381 2615 426 2658 1.
458 2611 625 2671 ἱεραί]
689 2611 885 2658 ‘When
914 2611 980 2657 he
1008 2623 1111 2657 was
1142 2623 1245 2656 am-
1304 2610 1511 2656 nondus.
1580 2611 1646 2655 H.
1677 2609 1782 2665 520,
1806 2607 1877 2653 ΙΙ.

321 2681 595 2728 bassador.’

381 2750 425 2796 5.
477 2750 738 2796 Leuc-crte&
766 2749 961 2809 puymi]
1037 2749 1249 2795 Leuctra

323 2831 425 2864 was
466 2832 497 2863 a
534 2819 713 2876 village
764 2819 815 2864 in
863 2820 950 2865 the
995 2818 1144 2864 south
1183 2817 1242 2865 of

322 2889 529 2944 Boeotia,
579 2891 669 2934 not
718 2888 795 2934 far
845 2888 976 2934 from
1031 2887 1246 2943 Plataea3

325 2960 686 3014 Cleombrotus,
718 2958 811 3004 -the
852 2958 1063 3015 Spartan
1106 2958 1244 3015 king,

323 3039 427 3073 was
447 3027 670 3073 defeated
692 3027 794 3073 and
815 3028 956 3073 slain.

373 3166 503 3209 VII.
573 3164 1001 3217 Epaminondas,
1046 3164 1248 3216 forget-

323 3227 408 3271 ful
458 3226 520 3270 of
572 3227 817 3280 injur-ies.
869 3237 1094 3269 rescues
1149 3226 1248 3269 the

325 3300 499 3341 army,
544 3289 656 3332 and
708 3300 954 3332 assumes
999 3299 1031 3332 a
1082 3299 1248 3338 grave

324 3350 738 3401 responsibility
757 3350 841 3393 for
860 3350 955 3394 the
976 3351 1250 3395 salvation

325 3412 390 3455 of
408 3410 504 3455 the
524 3412 686 3454 state.

368 3506 427 3580 ἱ9.
457 3505 669 3563 duceret]
732 3506 1069 3561 subjunctive,
1090 3518 1145 3551 as
1165 3519 1253 3552 ex-

325 3576 551 3634 pressing
589 3575 672 3620 the
713 3574 928 3632 thought
961 3576 1019 3622 of
1052 3575 1253 3633 Epami-

1364 2679 1434 2724 12.
1464 2693 1517 2726 eo
1534 2700 1596 2711 —
1614 2675 1835 2734 dedzwta]
1914 2678 1929 2700 ‘
1946 2673 2067 2720 Had
2115 2674 2240 2720 been

1303 2749 1525 2805 brought
1553 2752 1607 2793 to
1635 2747 1745 2792 that
1773 2744 1919 2802 pass!

1366 2818 1435 2862 16.
1458 2812 1961 2875 privatus—militis]
2065 2815 2079 2838 ‘
2095 2811 2157 2862 In
2209 2824 2240 2857 a

1305 2888 1496 2944 private
1542 2886 1783 2944 capacity,
1843 2894 1900 2928 as
1934 2894 1967 2928 a
2001 2894 2242 2928 common

1306 2955 1518 3001 soldier?

1364 3025 1436 3070 19.
1466 3024 1555 3070 hoc
1566 3022 1774 3087 —fecifl
1835 3022 1870 3069 i.
1892 3034 1954 3080 e„
1977 3023 1991 3048 ‘
2010 3021 2156 3067 acted
2185 3020 2236 3065 in

1306 3094 1404 3138 this
1430 3093 1577 3150 way!

1364 3161 1435 3206 20.
1466 3161 1583 3222 fuit
1612 3159 1824 3219 illustre]
1877 3157 1956 3205 Sc.
1979 3157 2070 3204 Ιιοσ
2105 3156 2234 3205 testi-

1305 3231 1540 3276 monium.

1364 3300 1438 3345 22.
1469 3300 1547 3346 vir
1564 3297 1745 3362 fortis]
1806 3298 1888 3344 He
1916 3308 2020 3343 was
2047 3309 2145 3344 one
2166 3296 2224 3343 of

1311 3369 1394 3415 the
1430 3374 1561 3415 most
1595 3367 1961 3425 distinguished
1996 3367 2098 3412 and
2131 3378 2236 3412 suc-

1311 3440 1491 3484 cessful
1532 3438 1875 3484 commanders
1917 3435 1977 3480 of
2009 3435 2089 3480 his
2131 3447 2235 3492 age,

1312 3508 1413 3552 and
1464 3508 1646 3574 second
1693 3507 1813 3564 only
1853 3509 1908 3552 to
1950 3506 2029 3551 his
2078 3504 2239 3551 friend

1312 3575 1703 3633 Epaminondas·
