2492 3885
264 251 286 263 ”’
353 246 472 308 146

949 244 1362 299 commus
1406 231 1661 298 NEPOS.

347 425 728 488 persuasum,
757 415 821 467 et
849 406 1138 468 adversas
1181 406 1543 486 superiores,
1571 416 1637 467 et
1676 412 2007 486 praesentes
2047 425 2244 466 secun-

349 500 462 558 das
506 517 604 557 res
646 498 942 558 accidisse
985 499 1116 576 ejus
1162 510 1365 577 opera.
1446 497 1669 577 Itaque
1708 508 1773 558 et
1816 497 2038 558 Siciliae
2085 496 2250 556 amis-

349 608 506 662 sum,
535 597 600 646 et
642 586 1254 648 Lacedaemoniorum
1295 588 1582 649 victorias
1625 589 1819 665 culpae
1862 607 1989 648 suae
2030 587 2252 647 tribue-

348 679 516 751 bant,
545 678 710 758 quod
752 679 940 738 talem
971 678 1167 738 virum
1199 699 1232 739 e
1264 680 1515 739 civitate
1557 679 1951 759 expulissent.
2031 678 2251 756 Neque

293 768 416 829 bid
466 770 597 831 sine
653 781 835 830 causa
890 770 1170 830 arbitrari
1220 771 1605 830 videbantur.

1702 770 1872 830 Nam
1925 780 2253 848 postquam

350 861 646 921 exercitui
699 880 962 939 praeesse
1019 870 1306 939 coeperat,
1360 881 1562 939 neque
1614 872 1794 935 terra,
1848 880 2048 940 neque
2103 859 2252 919 niari

348 953 558 1012 hostes
602 971 779 1031 pares
825 971 959 1011 esse
1004 961 1352 1029 potuerant.

1435 951 1559 1011 Hic
1597 962 1669 1011 ut
1710 972 1744 1010 e
1787 952 1932 1029 navi
1975 970 2254 1030 egressus

349 1053 462 1117 est,
515 1062 890 1122 quamquam
952 1042 1371 1102 'l'heramEnes
1424 1052 1490 1102 et
1544 1041 1964 1120 Thrasybulus
2032 1041 2252 1101 iisdem

346 1135 528 1194 rebus
558 1135 940 1212 praefuerant,
969 1132 1272 1213 simulque
1300 1145 1599 1192 venerant
1626 1133 1688 1192 in
1720 1132 2006 1204 Pineum,
2044 1140 2252 1191 tamen

251 1226 329 1287 10
347 1245 540 1284 unum
582 1244 794 1284 omnes
838 1225 1010 1284 illum
1057 1225 1621 1303 prosequebantur-3
1663 1233 1744 1295 et,
1771 1223 1835 1283 id
1879 1223 2045 1302 quod
2088 1243 2256 1282 num-

348 1336 533 1395 quam
571 1325 754 1375 antea
782 1335 898 1375 usu
926 1325 1198 1388 venerat,
1226 1315 1344 1375 nisi
1376 1314 1683 1394 Olympiae
1712 1314 2067 1386 victoribus,
2094 1333 2255 1373 coro-

346 1407 441 1466 nis
468 1406 689 1466 laureis
731 1405 1052 1485 taeniisque
1095 1407 1285 1484 vulgo
1327 1406 1690 1465 donabatur.
1772 1404 1890 1464 Ille
1930 1404 2252 1464 lacrimans

347 1497 537 1557 talem
571 1497 1068 1557 benevolentiam
1108 1497 1337 1557 civium
1378 1517 1625 1556 suorum
1670 1496 2043 1574 accipiebat3
2083 1495 2256 1554 remi-

348 1587 503 1648 nisci
529 1587 774 1666 pristini
800 1587 1095 1664 temporis
1125 1587 1542 1647 acerbitatem.
1624 1582 1967 1665 Postquam
2010 1586 2074 1645 in
2117 1594 2253 1645 astu

252 1687 329 1747 15
349 1680 536 1752 venit,
564 1679 854 1739 contione
899 1679 1201 1738 advocata
1240 1678 1330 1737 sic
1357 1678 1547 1737 verba
1586 1678 1750 1751 fecit,
1788 1688 1858 1737 ut
1900 1697 2084 1737 nemo
2126 1686 2253 1736 tam

345 1769 508 1829 ferus
535 1769 735 1840 fuerit,
766 1768 909 1847 quin
941 1768 994 1847 ej
1006 1789 1073 1826 us
1100 1788 1248 1828 casu
1279 1768 1672 1842 illacrimarit,
1699 1768 2139 1847 inimicumque
2180 1766 2252 1826 iis

347 1880 415 1920 se
457 1859 814 1932 ostenderit,
853 1879 1111 1937 quorum
1154 1870 1342 1938 opera
1386 1859 1584 1936 patria
1624 1858 1839 1938 pulsus
1880 1859 2097 1930 fuerat,
2127 1877 2257 1935 pro-

346 1952 491 2012 inde
530 1971 601 2012 ac
641 1952 696 2011 si
736 1951 891 2010 alius
933 1951 1214 2029 populus,
1241 1971 1365 2010 non
1403 1951 1507 2009 ille
1549 1951 1697 2028 ipse,
1727 1950 1832 2030 qui
1871 1959 2009 2010 tum
2050 1950 2254 2022 flebat,

347 2062 490 2102 eum
538 2041 838 2121 sacrilegii
886 2042 1257 2102 damnasset.

1339 2041 1663 2101 Restituta
1717 2062 1865 2120 ergo
1919 2041 2064 2100 huic
2107 2049 2256 2100 sunt

249 2146 327 2205 20
345 2132 586 2210 publice
647 2133 846 2204 bona3
913 2132 1222 2210 iidemque
1259 2131 1381 2190 -illi
1442 2132 1832 2210 Eumolpidae
1901 2132 2255 2191 sacerdotes

345 2246 550 2284 rursus
579 2245 882 2285 resacrare
912 2234 1055 2283 suut
1083 2224 1296 2296 coacti,
1326 2223 1429 2303 qui
1458 2244 1602 2283 eum
1639 2224 2056 2297 devoverant3
2095 2223 2257 2302 pilae-

347 2336 465 2396 que
518 2316 655 2390 illae,
709 2316 774 2375 in
830 2315 1052 2396 quibus
1107 2313 1360 2375 devotio
1412 2314 1615 2375 fuerat
1667 2314 1910 2395 scripta,
1961 2314 2029 2374 in
2086 2332 2254 2374 mare

345 2406 762 2488 praecipitatae.

402 2577 447 2624 2.
477 2575 732 2636 amissum]
763 2606 773 2611 -
809 2576 995 2623 Occurs
1035 2575 1268 2623 nowhere

326 2644 445 2691 =else
465 2657 519 2690 as
540 2658 569 2689 a
589 2656 746 2689 noun.

402 2715 446 2761 6.
477 2713 699 2772 coeperat]
776 2713 882 2759 The
917 2713 1191 2770 pluperfect
1224 2713 1268 2757 is

346 2784 473 2829 used
493 2797 557 2829 on
578 2787 786 2828 account
807 2783 864 2828 of
886 2783 970 2828 the
995 2782 1270 2839 pluperfect

338 2858 583 2913 potuerat,
607 2854 656 2898 in
677 2852 759 2897 the
782 2852 978 2908 leading
998 2852 1182 2897 clause.

407 2924 476 2968 11.
507 2921 785 2980 victoribus]
827 2922 858 2966 i.
877 2933 937 2976 e.,
959 2933 1024 2967 on
1045 2922 1173 2967 their
1192 2932 1267 2967 re-

344 2995 463 3037 turn
510 2992 658 3036 home
680 3007 693 3045 ;
744 2992 836 3036 but
879 2991 999 3048 they
1044 2991 1268 3037 received

346 3061 468 3116 also,
490 3064 542 3106 at
562 3060 808 3116 Olympia.
834 3059 1053 3116 chaplets
1073 3060 1134 3104 of
1150 3059 1269 3104 wild

346 3131 477 3176 olive
498 3130 677 3175 leaves.
739 3131 769 3154 “
787 3129 892 3175 The
945 3132 1162 3184 re-entry
1202 3128 1263 3174 of

346 3198 626 3244 Alcibiades
656 3210 757 3242 was
786 3201 874 3243 not
902 3198 1091 3253 merely
1123 3208 1270 3241 unos-

345 3268 628 3322 tentatiouS,
668 3267 760 3311 but
798 3278 921 3312 even
966 3266 1268 3310 mistrustful

347 3336 447 3381 and
467 3334 867 3392 apprehensive.”
927 3335 1005 3379 He
1026 3334 1125 3378 had
1145 3336 1269 3380 been

346 3405 400 3450 in
413 3406 541 3450 exile
555 3405 681 3449 from
695 3404 751 3448 B.
770 3404 823 3448 C.
840 3403 925 3448 415
946 3409 998 3448 to
1014 3403 1071 3448 Β.
1092 3402 1145 3448 C.
1164 3403 1266 3451 407.

410 3473 479 3519 12.
510 3472 687 3530 toeniis]
739 3472 898 3517 These
921 3472 1095 3518 servcd
1114 3483 1169 3518 as
1189 3484 1267 3519 or·

348 3546 576 3588 naments
596 3546 648 3589 to
667 3541 752 3587 the
771 3541 1007 3599 chapletS.

1385 2574 1456 2621 13.
1486 2572 1759 2634 reminisci]
1812 2574 2080 2620 Historical
2094 2574 2256 2621 infini-

1324 2645 1424 2691 tive
1453 2644 1531 2690 for
1561 2645 1646 2690 the
1678 2645 1929 2690 historieal
1960 2650 2175 2701 present,
2197 2655 2257 2690 or

1326 2714 1581 2770 imperfect
1603 2714 1882 2759 indicative.
1944 2713 2013 2758 H.
2027 2713 2137 2770 7545,
2162 2712 2204 2758 1.

1388 2783 1456 2842 16.
1489 2782 1628 2843 casu]
1689 2784 1772 2828 An
1802 2782 1889 2828 old
1920 2783 2102 2829 dative.
2185 2782 2256 2828 Η.

1330 2850 1429 2902 116,
1451 2852 1495 2906 4,
1516 2851 1584 2908 3).

1383 2919 1714 2980 illacrimarit]
1808 2920 2132 2976 SubJunctive
2191 2919 2253 2965 of

1327 2991 1481 3036 result
1509 2990 1635 3036 after
1663 2990 1797 3048 quin,
1819 2991 1871 3036 in
1901 2991 1986 3036 the
2016 3000 2159 3036 sense
2191 2988 2252 3035 of

1325 3065 1380 3106 ut
1399 3074 1508 3120 non.
1571 3060 1639 3105 H.
1660 3059 1764 3105 498.

1390 3129 1460 3178 17.
1484 3129 1691 3187 proinde
1711 3145 1769 3175 ac
1788 3128 1853 3188 si]
1917 3128 1969 3174 Is
2000 3128 2100 3175 less
2122 3140 2255 3174 oom-

1328 3210 1445 3243 mon
1468 3199 1589 3242 than
1601 3198 1804 3255 perinde
1824 3193 1881 3243 ac
1900 3196 1962 3242 si.

1386 3268 1459 3312 21.
1480 3267 1750 3328 resacrare]
1796 3270 1809 3293 ‘
1823 3268 1897 3326 To
1916 3268 2104 3314 release
2125 3267 2255 3313 from

1328 3337 1411 3382 the
1434 3338 1606 3383 curse.'

1347 3398 1352 3404 ’
1381 3406 1581 3464 pilaeque
1607 3405 1719 3466 illoe]
1782 3407 1961 3453 Refero
1989 3410 2043 3453 to
2071 3420 2120 3465 p.
2153 3407 2252 3461 143,

1327 3474 1424 3520 line
1457 3476 1502 3530 4,
1525 3476 1706 3531 where,
1729 3477 1976 3532 however,
2005 3478 2128 3536 only
2158 3489 2252 3525 one

1317 3542 1430 3602 pila
1449 3543 1493 3589 is
1511 3544 1814 3591 mentioned.
1875 3545 1944 3591 Η.
1964 3544 2071 3591 450.
