2492 3885
971 258 1375 309 HANNIBAL.
2015 254 2131 317 177

218 437 387 476 nunc
431 438 570 478 cum
609 417 868 496 imperio
912 418 1078 497 apud
1122 417 1464 476 exercitum
1509 416 1827 489 haberent,
1856 414 2132 494 itemque

216 508 476 568 fratrem
504 509 632 588 ejus
662 500 1013 588 Magonem.
1095 508 1237 568 Hoc
1264 527 1564 586 responso
1587 505 2133 585 Carthaginienses

218 599 475 677 cognito
515 598 929 658 Hannibalem
973 598 1227 657 domum
1270 608 1335 657 et
1371 597 1706 676 Magonem
1747 607 2132 675 revocarunt.

218 686 368 749 Huc
396 698 468 749 ut
495 689 693 763 rediit,
721 709 830 748 rex
869 690 1066 750 factus
1111 696 1227 761 est,
1258 697 1592 767 postquam
1632 687 1966 766 imperator
2006 687 2134 746 sue-

215 788 335 853 rat,
365 799 529 839 anno
569 780 841 839 secundo
883 789 949 839 et
989 779 1301 839 vicesimo·
1384 778 1482 839 Ut
1524 778 1689 837 enim
1731 778 1949 837 Romae
1973 797 2134 853 ⁸con·
2193 775 2226 837 5

216 871 406 943 suleS,
435 870 524 930 sic
568 870 944 949 Carthagine
981 869 1543 951 quotannis'annui
1584 869 1713 929 bini
1754 889 1930 948 reges
1971 888 2135 928 crea·

213 960 466 1020 bantur.
548 960 624 1020 In
651 980 728 1020 eo
764 961 1130 1040 magistratu
1160 961 1305 1040 pari
1347 960 1667 1039 diligentia
1706 980 1774 1020 se
1818 954 2134 1019 Hannibal
2217 1016 2220 1019 .

212 1050 503 1130 praebuit,
542 1069 611 1111 ac
645 1051 848 1111 fuerat
887 1051 952 1111 in
995 1051 1175 1111 bello,
1258 1050 1548 1129 Namque
1591 1050 1808 1124 effecit,
1837 1070 1915 1109 ex
1954 1049 2133 1109 novis

213 1141 629 1220 vectigalibus
664 1162 789 1201 non
818 1142 1016 1201 solum
1043 1151 1116 1201 ut
1143 1151 1308 1201 esset
1348 1141 1625 1220 pecunia,
1653 1161 1790 1222 quae
1834 1140 2133 1201 Romanis

214 1252 296 1291 ex
351 1232 584 1292 foedere
636 1233 1028 1312 penderetur,
1072 1233 1184 1292 sed
1240 1233 1427 1292 etiam
1477 1242 1840 1311 superesset,
1886 1251 2020 1311 quae
2070 1231 2133 1289 in
2154 1241 2230 1302 10

213 1323 437 1383 aerario
489 1332 904 1401 reponeretur.
1011 1322 1279 1395 Deinde,
1334 1322 1423 1383 M.
1481 1322 1763 1396 Claudio,
1820 1320 1890 1380 L.
1943 1321 2135 1380 Furio

214 1417 576 1477 consulibus
621 1415 827 1476 Roma
873 1416 1066 1496 legati
1110 1416 1550 1495 Carthaginem
1595 1423 1911 1475 venerunt.
1996 1413 2132 1473 Hos

214 1507 543 1567 Hannibal
570 1518 740 1568 ratus
769 1507 865 1567 sui
892 1508 1267 1586 exposcendi
1294 1507 1495 1586 gratia
1522 1507 1759 1580 missos,
1777 1507 2133 1586 priusquam

212 1597 291 1659 iis
339 1607 593 1658 senatus
624 1599 891 1672 daretur,
918 1618 1142 1658 navem
1183 1598 1464 1657 ascendit
1504 1597 1680 1671 clam,
1711 1607 1895 1677 atque
1924 1596 1988 1655 in
2024 1596 2134 1675 Sy-

213 1688 377 1748 riam
436 1689 518 1748 ad
569 1688 953 1749 Antiochum
1009 1689 1299 1769 profugit.
1384 1689 1523 1748 Hac
1578 1708 1643 1748 re
1697 1689 1900 1768 palam
1956 1688 2132 1760 facta,
2153 1699 2229 1760 15

214 1778 404 1838 Poeni
445 1799 635 1840 naves
680 1780 853 1853 duas,
893 1800 1030 1859 quae
1074 1800 1215 1838 eum
1261 1779 1866 1857 comprehenderent,
1907 1778 1957 1838 si
2000 1776 2135 1856 po's-

214 1878 363 1931 sent
391 1870 699 1951 consequi,
719 1870 1045 1945 miserunt3
1076 1870 1240 1930 bona
1270 1871 1400 1950 ejus
1430 1869 1850 1949 publicarunt3
1880 1869 2133 1929 domum

214 1981 255 2021 a
281 1962 705 2023 fundamentis
736 1962 1137 2041 disjecerunt3
1181 1961 1381 2040 ipsum
1413 1961 1682 2020 exsulem
1703 1960 2080 2039 judicarunt.

300 2051 495 2112 VIII.
576 2053 669 2112 At
720 2052 1036 2111 Hannibal
1080 2072 1241 2111 anno
1285 2060 1519 2130 quarto,
1576 2060 1903 2130 postquam
1947 2051 2135 2109 domo

212 2143 597 2228 profugerat,
625 2141 695 2202 L.
715 2143 1022 2217 CorneliO,
1041 2142 1280 2215 Quinto
1308 2142 1583 2201 Minucio
1613 2141 1963 2200 consulibus
1994 2160 2127 2200 cum
2153 2160 2229 2220 20

213 2233 495 2314 quinque
536 2233 798 2292 navibus
835 2233 1114 2292 Africam
1156 2232 1415 2292 accessit
1455 2232 1519 2290 in
1561 2231 1784 2291 finibus
1817 2231 2137 2311 Cyrenaeo-

211 2345 377 2398 rum,
405 2323 461 2384 si
498 2324 657 2383 forte
701 2323 1245 2403 Carthaginienses
1291 2323 1371 2382 ad
1413 2322 1646 2381 bellum
1686 2320 1983 2381 Antiochi
2023 2340 2134 2401 spe

1272 2473 1341 2519 18.
1373 2488 1406 2518 α
1431 2471 1801 2533 fundamentis]
1864 2472 1917 2518 Is
1937 2474 2135 2531 equiva-

272 2477 322 2522 4.
354 2474 464 2533 rex]
526 2474 632 2521 The
653 2475 1003 2532 Carthaginian
1024 2478 1153 2520 term

210 2557 323 2592 was
347 2544 513 2605 suffet.

254 2614 468 2679 ficerat]
531 2614 623 2661 See
643 2614 906 2671 Aristidem,
930 2614 1008 2659 ch.
1032 2613 1149 2672 IH.,

208 2684 394 2745 adfin.

273 2755 354 2801 10.
361 2753 671 2812 penderetur,
686 2753 1011 2812 reponeretur]
1029 2753 1154 2799 Sub·

199 2825 467 2884 Junctivcs
487 2823 546 2869 of
568 2835 796 2880 purpose.

273 2893 350 2938 13.
383 2891 544 2950 ratus]
616 2890 721 2937 The
742 2891 930 2948 perfect
960 2892 1154 2949 partici-

206 2963 322 3021 ples
341 2961 403 3006 οἱ·
427 2960 699 3019 deponents
721 2961 821 3007 and
853 2962 1151 3018 semi-depo·

205 3037 363 3078 nents
386 3030 687 3086 correspond
714 3033 767 3075 to
788 3030 974 3086 perfect
995 3031 1152 3076 active

203 3098 499 3159 participles
533 3099 585 3143 in
620 3098 832 3154 English
851 3112 863 3153 ;
913 3110 1050 3144 some
1089 3098 1148 3143 of

202 3170 359 3215 these
380 3175 473 3213 not
488 3167 821 3224 infrequently
837 3179 955 3225 may
971 3170 1030 3213 be
1044 3169 1155 3214 best

203 3235 497 3283 translated
525 3236 594 3293 by
616 3235 700 3282 tho
731 3242 929 3294 present
957 3236 1152 3294 partici-

200 3306 308 3366 ple.

266 3375 348 3421 14.
371 3373 439 3419 iis
458 3378 655 3419 senatus
675 3371 893 3433 daretur]
917 3374 948 3418 i.
966 3385 1028 3428 e„
1046 3371 1151 3419 adi-

201 3450 288 3493 tue
308 3443 384 3489 ad
401 3447 627 3489 senatum
645 3441 857 3488 daretur.
937 3445 951 3468 ‘
965 3443 1045 3487 An
1066 3454 1153 3487 au-

201 3514 392 3560 dIence
434 3511 496 3557 of
526 3511 613 3557 the
652 3516 817 3557 senate
861 3522 963 3557 was
1002 3510 1150 3568 given

200 3579 393 3631 them:

714 3637 792 3698 12

1213 2542 1316 2589 lent
1334 2546 1387 2588 to
1403 2541 1657 2604 fimditus.

1262 2679 1423 2723 VIII.
1474 2678 1756 2724 Hannibal
1778 2680 1910 2723 tries
1927 2680 1987 2723 in
2003 2680 2138 2725 vain

1212 2741 1272 2785 to
1291 2750 1484 2784 arouse
1513 2739 1609 2783 the
1637 2739 2060 2790 Carthaginians
2078 2742 2137 2784 to

1212 2813 1343 2845 war.
1383 2801 1471 2844 He
1489 2804 1714 2846 returns
1732 2804 1790 2845 to
1808 2801 2135 2853 Antiochus,

1214 2864 1326 2908 and
1352 2872 1591 2914 engages
1621 2864 1681 2906 in
1715 2862 1880 2906 nava-1
1904 2862 2137 2907 wal-fare

1215 2926 1428 2977 against
1445 2925 1541 2968 the
1555 2924 1862 2978 Rhodians,
1878 2926 1942 2968 B.
1960 2924 2017 2969 Ο.
2034 2924 2137 2969 193

1269 3096 1341 3142 21.
1380 3091 1740 3154 Cyrenoeorum]
1803 3093 2012 3150 Cyrene,
2052 3092 2139 3139 the

1214 3164 1394 3221 capital
1423 3163 1483 3209 of
1509 3164 1798 3220 cyrenaica,
1821 3169 1921 3206 was
1953 3173 1983 3206 a
2014 3160 2137 3206 cele-

1211 3233 1384 3279 brated
1434 3233 1534 3289 city
1588 3244 1707 3277 near
1757 3231 1841 3276 the
1891 3233 2025 3275 coast
2071 3229 2130 3275 of

1210 3301 1465 3346 Northern
1512 3301 1695 3355 Africa,
1744 3311 1809 3345 on
1858 3298 1943 3344 the
1985 3297 2138 3343 table-

1211 3370 1330 3414 land
1361 3368 1419 3413 of
1441 3369 1612 3414 Barca.
1694 3367 1970 3414 Extensive
1998 3365 2139 3413 ruins

1211 3441 1360 3483 attest
1375 3439 1434 3482 its
1462 3437 1644 3482 former
1665 3437 1980 3493 importance.

1265 3506 1337 3552 22.
1360 3504 1608 3564 Antiochi]
1645 3505 1726 3549 An
1748 3505 1986 3561 objectiva
2014 3514 2152 3562 gen-0

1206 3577 1322 3623 itive
1357 3575 1483 3622 after
1511 3588 1591 3634 spe
1615 3572 1913 3634 fiduciaque.
