2492 3885
918 262 1509 351 ΔΤΗΕικαῙςΓοοιΕε.

2056 299 2168 358 131

265 459 520 521 domum
563 466 739 519 tuam
781 458 979 531 intuli,
1009 458 1304 538 quamdiu
1348 457 1499 516 mihi
1526 476 1776 516 necesse
1804 456 1938 530 fuit,
1967 457 2176 518 adver-

265 571 401 610 sum
431 560 671 629 patrem
697 560 873 610 tuum
912 549 1157 622 bellare,
1186 549 1571 627 patriamque
1594 567 1797 607 meam
1824 548 2174 609 defendere.

266 641 443 700 Idem
488 642 684 700 multo
731 641 905 719 plura
952 636 1112 698 bonu
1140 640 1274 712 feei,
1302 649 1628 718 postquam
1673 639 1735 697 in
1764 650 1904 698 tuto
1934 640 2088 719 ipse2
2110 649 2175 700 et

264 731 365 790 ille
409 732 473 790 in
520 731 792 810 periculo
841 750 975 789 esse
1022 730 1221 808 eoepit.

1305 729 1475 788 Nam
1520 749 1709 808 quum
1750 729 1813 788 in
1845 729 2063 790 Asiam
2091 751 2176 790 re-

263 823 421 881 verti
465 822 670 893 vellet,
719 821 933 899 proelio
980 821 1144 898 apud
1198 820 1518 880 Salamina*
1562 822 1742 893 fact0‚
1782 821 2001 881 litteris
2032 842 2175 881 eum
2234 814 2269 872 5

265 911 586 971 certiorem
631 911 762 984 feci,
807 911 870 969 id
921 910 1037 989 agi,
1083 920 1154 970 ut
1197 929 1373 989 pons,
1424 930 1606 989 quem
1655 911 1718 969 in
1766 911 2205 990 Hellesponto

263 1000 507 1074 fecerat,
549 1001 1004 1073 dissolveretur,
1051 1010 1236 1079 atque
1287 1001 1365 1060 ab
1410 1000 1687 1061 hostibus
1722 1001 2174 1062 circumiretur:

264 1110 386 1169 quo
412 1091 631 1150 nuntio
659 1091 761 1150 ille
789 1091 1059 1170 periculo
1088 1101 1186 1151 est
1214 1091 1526 1173 liberatus.
1595 1092 1782 1152 Nunc
1810 1103 2014 1152 autem
2039 1113 2176 1153 con·

262 1180 395 1259 fugi
442 1181 521 1239 ad
571 1190 653 1255 te,
698 1180 1047 1260 exagitatus
1087 1201 1125 1240 a
1169 1192 1393 1242 cuncta
1441 1182 1694 1255 Graecia,
1734 1192 1905 1242 tuam
1954 1193 2173 1262 petens

264 1271 630 1331 amicitiam:
673 1292 860 1351 quam
902 1271 955 1330 si
984 1292 1090 1331 ero
1121 1273 1404 1352 adeptuS‚
1433 1293 1556 1332 non
1584 1273 1786 1353 minus
1815 1293 1915 1332 me
1943 1275 2173 1333 bonum
2197 1267 2271 1331 10

268 1355 536 1422 amicum
582 1363 855 1435 habebis,
883 1364 1068 1441 quam
1110 1363 1336 1423 fortem
1383 1363 1698 1422 inimicum
1740 1364 1843 1423 ille
1884 1374 2173 1443 expertus

264 1464 377 1514 est.

460 1455 553 1515 Te
597 1466 807 1516 autem
849 1476 1018 1535 rog0,
1052 1465 1123 1517 ut
1151 1458 1229 1515 de
1258 1457 1333 1516 iis
1354 1458 1553 1529 rebus,
1583 1476 1734 1535 quas
1765 1467 1966 1517 tecum
1998 1459 2176 1517 collo-

265 1547 369 1625 qui
397 1547 557 1620 volo,
600 1567 875 1606 annuum
917 1548 1072 1607 mihi
1098 1557 1345 1627 tempus
1371 1549 1499 1621 deti,
1528 1567 1723 1627 eoque
1753 1558 2064 1609 transacto
2093 1550 2174 1608 ad

264 1646 335 1697 te
358 1638 568 1698 venire
597 1639 798 1717 patiar
799 1638 888 1699 is?

342 1728 427 1788 X.
510 1729 714 1809 Hujus
756 1751 864 1789 rex
909 1731 1097 1790 animi
1138 1731 1632 1810 ma'gnitudinem
1662 1730 1988 1805 admirans,
2017 1731 2175 1810 cupi·
2196 1730 2269 1790 15

264 1829 495 1899 erisque
531 1822 719 1880 talem
757 1821 957 1880 virum
990 1822 1106 1881 sibi
1155 1822 1481 1894 conciliari,
1512 1821 1758 1880 veniam
1788 1822 1977 1880 dedit.

2061 1821 2174 1880 Ille

263 1930 448 1971 omne
480 1911 634 1971 illud
663 1922 908 1992 tempus
953 1912 1174 1972 litteris
1203 1912 1593 1992 sermonique
1625 1910 1952 1972 Persarum
1982 1932 2047 1972 se
2080 1913 2177 1972 de-

264 2002 484 2063 dedit:
519 2004 738 2082 quibus
781 2004 935 2063 adeo
980 1992 1259 2064 eruditus
1305 2014 1418 2076 est,
1450 2016 1518 2062 ut
1562 2003 1758 2062 multo
1794 2004 2175 2064 commodius

264 2092 508 2153 dicatur
550 2095 713 2174 apud
733 2114 943 2174 regem
972 2096 1161 2154 verba
1182 2095 1418 2167 fecisse,
1448 2114 1632 2174 quam
1670 2094 1711 2152 ii
1742 2104 2044 2173 poterant,
2073 2095 2178 2174 qui

264 2219 529 2273 archaism‚
560 2220 592 2265 i.
607 2232 668 2275 e.,
690 2220 775 2266 the
808 2232 897 2266 use
928 2220 987 2265 of
1009 2232 1075 2265 an
1106 2232 1193 2264 an-

264 2288 395 2333 cient
424 2288 563 2333 word
602 2300 660 2333 or
698 2289 1005 2344 expression.
1086 2287 1190 2333 The

262 2356 479 2411 genitive
508 2355 626 2401 here
657 2356 809 2401 limite
840 2355 940 2414 qui.

324 2424 366 2469 1.
407 2424 624 2483 domum]
702 2425 774 2469 As
818 2437 890 2470 we
934 2436 1040 2480 say,
1075 2424 1190 2470 ‘the

263 2490 423 2537 house
470 2493 529 2538 of
575 2492 902 2550 Brunswick,’
958 2493 1193 2549 meaning

264 2561 456 2619 family.

319 2630 364 2676 3.
394 2630 517 2691 ipse]
561 2631 637 2676 Sc.
659 2645 761 2677 esse
779 2631 912 2689 coepi.

319 2701 366 2746 6.
402 2701 508 2760 aqi]
572 2701 730 2746 ‘That
769 2702 807 2746 it
842 2712 943 2745 was
983 2701 1035 2745 in
1075 2712 1190 2745 con-

263 2767 585 2825 templation!
645 2768 721 2813 Cf.
741 2781 790 2825 p.
818 2767 915 2823 124,
941 2769 1037 2813 line
1062 2768 1132 2814 14.

321 2838 367 2882 9.
396 2838 689 2898 exaqitatus]
754 2841 767 2864 ‘
786 2836 1053 2885 Pursued.’

323 2905 394 2952 10.
425 2920 524 2952 non
542 2906 720 2962 minus,
743 2904 869 2965 etc.]=
924 2904 1065 2949 ‘You
1087 2905 1190 2950 will

265 2973 390 3019 have
422 2974 517 3033 (in)
550 2986 630 3020 me
667 2987 699 3019 a
731 2986 799 3020 no
834 2974 931 3019 less
961 2974 1190 3018 valuable

263 3042 424 3088 friend
444 3044 563 3088 than
584 3043 648 3088 he
669 3043 828 3088 found
853 3054 932 3088 me
954 3053 985 3086 a
1004 3041 1191 3086 valiant

265 3112 502 3170 enemy;'
531 3112 746 3159 amicum
775 3112 817 3157 is
847 3111 1119 3170 appositive
1140 3117 1191 3156 to

265 3189 356 3225 me.

314 3248 396 3294 ·12.
426 3247 567 3308 quas]
631 3248 882 3305 Irregular
901 3248 980 3293 for
998 3247 1057 3292 de
1084 3247 1190 3306 qui-

263 3316 363 3364 bus.
430 3317 662 3377 Colloqui,
688 3319 838 3375 being
865 3317 1187 3372 intransitive,

263 3388 497 3447 properly
534 3388 676 3432 takes
716 3388 838 3443 only
879 3387 965 3432 the
1013 3390 1190 3432 neuter

263 3457 544 3503 accusative
573 3456 632 3502 of
655 3469 686 3501 a
714 3468 959 3513 pronoun.

323 3526 394 3573 13.
433 3525 674 3585 annuum]
721 3526 853 3570 Here
873 3536 905 3569 a
923 3530 1192 3582 grammat-

263 3595 359 3643 ical
379 3596 661 3654 equivalent
681 3594 760 3641 for
779 3594 919 3641 anni.

1312 2219 1381 2263 13.
1412 2218 1479 2263 ad
1499 2222 1545 2263 te
1568 2216 1752 2276 venire]
1815 2217 2006 2276 Supply
2026 2232 2101 2263 me
2120 2230 2176 2264 as

1251 2287 1441 2343 subject
1461 2286 1590 2331 from
1611 2285 1752 2331 mihi.

1299 2420 1371 2463 X.
1424 2420 1827 2465 Themistocles
1844 2421 1992 2465 finds
2021 2422 2178 2466 favor

1249 2482 1390 2525 with
1409 2483 1762 2530 Artaxerxes,
1784 2482 1893 2525 and
1919 2482 2059 2525 fixos
2088 2484 2176 2526 his

1250 2544 1538 2588 residence
1568 2545 1626 2588 at
1655 2544 1956 2595 Magnesia,
1987 2544 2176 2590 where

1250 2606 1323 2650 he
1341 2607 1478 2654 dit-s,
1499 2606 1665 2650 about
1680 2605 1814 2650 Ro.
1835 2606 1966 2651 460.

1313 2696 1382 2743 17.
1414 2695 1609 2753 lictem's]
1673 2694 1805 2740 ‘The
1827 2696 2107 2741 literature?

1309 2761 1538 2823 sermoni]
1603 2767 1615 2789 ‘
1633 2764 1738 2810 The
1773 2765 2048 2822 language,’
2071 2777 2125 2811 as
2145 2778 2177 2812 a

1252 2845 1421 2879 means
1444 2833 1503 2877 of
1528 2834 1956 2878 communication.

1311 2902 1379 2947 18.
1411 2901 1627 2947 eruditus
1658 2902 1747 2960 est]
1812 2902 1861 2947 Is
1893 2904 2176 2959 equivalent

1251 2975 1302 3016 to
1317 2985 1348 3016 a
1363 2971 1597 3017 reflexive
1612 2972 1732 3017 verb
1746 2987 1762 3026 ;1
1792 2974 1805 2997 ⁴
1819 2972 1883 3018 he
1905 2973 2175 3019 instructed

1251 3040 1482 3096 himself‚’
1519 3041 1638 3085 with
1674 3040 1809 3097 adae),
1848 3042 1939 3088 ‘he
1975 3043 2175 3088 became

1250 3122 1307 3156 so
1337 3109 1570 3156 learned.'

1307 3178 1475 3237 multo]
1538 3178 1786 3234 Ablative,
1820 3179 2063 3235 denoting
2086 3179 2174 3225 the

1249 3261 1476 3294 measure
1522 3247 1581 3293 of
1623 3248 1900 3293 difference.
1980 3249 2048 3292 H.
2068 3249 2171 3295 418.

1310 3318 1380 3362 19.
1412 3317 1566 3375 quiin
1588 3317 1812 3375 Perside]
1866 3317 1970 3362 The
1986 3317 2175 3364 Asiatic

1253 3387 1443 3431 Greeks
1464 3397 1545 3430 are
1577 3384 1817 3441 probably
1839 3391 2031 3437 meant3
2063 3386 2174 3432 oth-

1251 3455 1423 3499 erwise
1453 3454 1535 3497 the
1572 3457 1835 3498 statement
1864 3453 1922 3497 of
1944 3453 2110 3509 Nepos
2132 3455 2174 3499 is

1250 3536 1316 3568 an
1376 3522 1742 3578 exaggeration.
1853 3521 2175 3578 ThucydIdes

1251 3603 1368 3651 says
1411 3591 1765 3637 Themistocles
1805 3590 2006 3637 learned
2041 3592 2175 3640 what

2255 2005 2268 2030 Ι
