2492 3885
390 305 468 368 76
732 305 1025 357 JUSTINI
1072 304 1447 357 HISTORIAE
1491 303 1954 357 PHILIPPICAE.

386 472 471 538 te,
485 485 643 524 unus
663 484 739 527 ex
761 464 1076 538 militibus,
1096 464 1246 524 dum
1268 464 1348 524 ad
1365 464 1602 525 fontem
1619 464 1969 544 proximum
1996 463 2219 545 pergit,
2239 462 2307 524 in

387 559 668 619 vehiculo
708 559 976 618 Darium
1017 559 1230 618 multis
1271 550 1521 638 quidem
1548 561 1904 619 vulneribus
1933 560 2307 631 confossum,

387 649 500 709 sed
549 649 886 728 spirantem
936 650 1139 708 adhuc
1185 649 1465 709 invenit:
1522 651 1644 729 qui,
1692 650 1982 729 applicito
2038 649 2307 728 captive,

389 760 579 818 quum
607 740 805 799 civem
833 761 910 799 ex
939 761 1091 800 voce
1121 741 1535 819 cognovisset,
1578 742 1698 801 “id
1729 741 1948 800 saltem
1978 740 2306 819 praesentis

333 823 646 890 5fortunae
694 832 986 890 solacium
1023 831 1250 890 habere
1294 852 1359 890 se
1377 831 1411 859 ”
1442 832 1618 904 dixit,
1660 832 1878 911 “quod
1924 832 2087 910 apud
2124 831 2309 890 ›intel-

388 920 691 979 lec-turum
720 921 1034 981 locuturus
1065 932 1249 994 esset,
1267 943 1382 981 nec
1409 924 1717 982 incassum
1745 932 2087 1001 postremas
2119 941 2306 980 voces

389 1014 803 1102 emissurus&
855 1015 1121 1074 Perferri
1162 1016 1296 1075 haec
1338 1016 1699 1075 Alexandro
1730 1016 1930 1094 jubet,
1959 1023 2082 1073 “se
2116 1014 2304 1073 nullis

388 1103 453 1164 in
494 1124 636 1164 eum
680 1106 1039 1165 meritorum
1087 1106 1317 1179 officiiS‚
1366 1110 1778 1166 maximorum
1826 1106 1913 1165 illi
1958 1106 2306 1167 debitorem

386 1196 560 1268 mori,
609 1195 776 1275 quod
824 1196 888 1256 in
934 1208 1132 1256 matre
1182 1197 1512 1276 liberisque
1558 1197 1684 1257 suis
1732 1197 1970 1276 regium
2000 1197 2301 1275 ejuS,non

295 1282 369 1342 10
386 1287 674 1346 hostilem
703 1287 972 1346 animum
1001 1299 1307 1366 expertuS,
1329 1288 1564 1348 felicius
1602 1289 1848 1348 hostem
1870 1290 2054 1366 quam
2086 1307 2305 1366 cogna-

386 1385 486 1437 tos
523 1378 1016 1457 propinquosque
1059 1379 1314 1438 sortitus
1344 1379 1464 1438 sit:
1508 1379 1733 1458 quippe
1774 1379 1958 1438 matri
2000 1388 2064 1437 et
2093 1379 2302 1438 liberis

388 1467 514 1527 suis
557 1469 635 1527 ab
661 1469 881 1527 eodem
923 1469 1104 1528 hoste
1135 1469 1330 1527 vitam
1359 1470 1587 1541 datam,
1617 1469 1732 1528 sibi
1763 1489 1799 1527 a
1827 1469 2105 1547 cognatis
2138 1488 2303 1547 erep-

387 1568 533 1631 tam,
576 1558 795 1637 quibus
837 1568 901 1619 et
941 1560 1155 1632 vitam,
1198 1569 1263 1620 et
1304 1579 1496 1639 regna
1536 1560 1795 1619 dederit.
1878 1559 2300 1630 Quamobrem

387 1649 651 1728 gratiam
704 1650 823 1709 illis
881 1670 1018 1709 eam
1085 1651 1374 1723 futuram,
1431 1671 1617 1730 quam
1671 1651 1804 1729 ipse
1861 1651 2058 1710 victor
2112 1651 2301 1711 volet.

294 1740 369 1801 15
387 1739 746 1799 Alexandro
786 1741 1009 1801 referre
1053 1762 1138 1814 se,
1169 1762 1352 1820 quam
1383 1742 1576 1800 solam
1608 1742 1880 1800 moriens
1910 1749 2135 1820 potest,
2164 1761 2301 1820 grae

387 1829 573 1904 tiam3
615 1831 848 1909 precari
891 1835 1181 1910 superum
1222 1832 1607 1911 inferumque
1655 1831 1924 1904 numina,
1954 1840 2018 1890 et
2059 1833 2295 1910 regales

385 1918 575 1995 Deos,
604 1921 695 1981 uti
736 1921 827 1981 illi
867 1930 1170 1982 terrarum
1213 1922 1488 1983 omnium
1519 1923 1737 1982 victori
1767 1922 2087 2001 contingat
2114 1922 2299 2003 impe-

386 2012 562 2073 rium.
644 2012 770 2073 Pro
811 2033 878 2073 se
908 2014 1094 2093 justae
1136 2015 1335 2093 magis
1387 2019 1572 2094 quam
1598 2011 1804 2092 gravis
1835 2015 2169 2092 sepulturae
2204 2035 2299 2074 ve-

388 2103 554 2162 niam
611 2124 801 2163 orare.
885 2104 1073 2176 Quod
1130 2106 1209 2164 ad
1268 2106 1568 2164 ultionem
1614 2105 1937 2184 pertineat,
1982 2105 2117 2183 jam
2171 2126 2297 2165 uon
2353 2127 2368 2150 ⁸

292 2201 369 2260 20
388 2214 582 2268 suam,
609 2195 720 2254 sed
749 2196 1033 2274 exempli,
1063 2215 1576 2273 communemque
1607 2196 1883 2261 omnium
1913 2215 2130 2274 regum
2162 2216 2297 2256 esse

386 2305 653 2358 causam,
695 2306 878 2363 quam
921 2287 1268 2365 neglegere,
1307 2287 1396 2345 illi
1438 2295 1502 2344 et
1530 2286 1885 2368 indecorum
1916 2296 1980 2345 et
2009 2286 2301 2364 periculo-

387 2395 526 2434 sum
553 2395 723 2435 esse:
752 2377 978 2455 quippe
1009 2396 1199 2455 quum
1227 2376 1291 2435 in
1322 2378 1517 2436 altero
1535 2376 1795 2455 justitiae
1826 2376 1974 2454 ejuS‚
2004 2376 2066 2436 in
2104 2377 2299 2437 altero

387 2466 576 2526 etiam
615 2467 898 2526 utilitatis
943 2488 1128 2527 causa
1167 2477 1465 2528 versetur.
1550 2466 1624 2526 In
1658 2487 1842 2547 quam
1888 2488 2017 2527 rem
2048 2470 2301 2529 unicum

384 2556 608 2637 pignus
661 2556 807 2616 fidei
858 2557 1059 2637 regiae,
1087 2558 1411 2618 dexteram
1465 2578 1532 2618 se
1580 2558 1895 2617 ferendam
1936 2558 2302 2619 Alexandro

445 2708 488 2755 1.
517 2723 643 2756 unm
670 2724 727 2755 ex
754 2709 1008 2769 militibus]
1069 2710 1188 2756 This
1209 2723 1311 2756 was
1432 2710 1501 2755 12.
1535 2710 1772 2770 coquetis]
1836 2709 1869 2756 i.
1909 2721 1969 2766 e.,
1992 2709 2178 2756 Bessus
2203 2711 2304 2757 and

386 2778 712 2835 Polystratus,
746 2790 778 2824 a
813 2779 1156 2830 Macedonian.
1195 2781 1311 2825 who
1346 2779 1703 2848 ‘Nabarzanes

386 2849 474 2893 did
508 2854 595 2893 not
634 2849 940 2895 understand
982 2850 1065 2896 thc
1102 2850 1309 2896 Persian
1430 2849 1499 2894 13.
1530 2848 1705 2908 vitam]
1768 2850 1783 2875 ‘
1801 2849 1975 2895 Means
1994 2849 2053 2894 of
2078 2849 2199 2895 life.’

385 2918 644 2975 language.
1422 2920 1498 2965 14.
1531 2918 1650 2977 illis]
1713 2918 1746 2964 i.
1769 2930 1830 2973 e.‚
1851 2920 2051 2974 Bessus,
2072 2925 2165 2964 etc.

443 2987 488 3033 3.
518 2986 747 3046 applicito
766 2987 977 3048 captivo]
1043 2991 1056 3015 ‘
1070 2988 1311 3046 Through
1429 2988 1500 3034 16.
1531 2986 1739 3047 reyalee]
1832 2989 1846 3013 ‘
1861 2986 1967 3032 The
2029 2991 2304 3044 protectore

385 3057 470 3103 the
486 3057 696 3103 services
716 3058 776 3103 of
788 3070 820 3103 a
835 3060 1023 3115 captive
1042 3058 1308 3116 (Persian),
1369 3058 1429 3104 of
1453 3057 1631 3115 king8.'
2151 3059 2166 3066 “

386 3128 499 3172 who
520 3127 619 3173 had
641 3128 1001 3186 beenprought
1021 3126 1106 3172 in.’
1430 3127 1499 3173 18.
1505 3126 1723 3184 jmtoe—
1738 3124 1953 3184 veniam]
2017 3125 2303 3171 Translate:

442 3195 488 3241 4.
517 3196 687 3256 civem]
739 3197 996 3243 PredIcate
1014 3198 1307 3243 accusative.
1370 3196 1480 3241 ‘the
1497 3195 1638 3241 favor
1657 3195 1716 3241 of
1730 3207 1794 3239 an
1812 3195 2118 3251 appropriate
2135 3194 2308 3242 rather

386 3265 455 3311 H.
476 3266 579 3311 546.
1364 3268 1486 3312 than
1507 3265 1565 3312 of
1591 3278 1620 3310 a
1640 3266 1957 3323 magnificent
1987 3264 2213 3310 funeral)

443 3336 486 3383 7.
517 3349 565 3380 se
592 3336 755 3390 nullis,
777 3335 892 3395 etc.]
929 3339 942 3361 ‘
959 3335 1088 3381 That
1107 3335 1170 3380 he
1191 3334 1306 3381 died
1423 3336 1495 3380 20.
1539 3335 1761 3394 exempla]
1859 3335 1938 3380 Sc.
1981 3348 2199 3392 caueam,
2244 3329 2308 3381 ‘a

384 3404 594 3461 without
643 3406 826 3460 having
876 3404 1154 3461 performed
1203 3415 1306 3460 any
1365 3403 1660 3461 precedent!

384 3475 489 3516 acts
510 3471 568 3516 of
592 3472 829 3517 kindness
849 3473 1064 3516 towards
1085 3470 1223 3516 him?
1423 3471 1495 3516 22.
1528 3471 1700 3530 quippe
1721 3471 1890 3531 quum]
1957 3474 1971 3498 ‘
1989 3470 2167 3519 Since.'

443 3539 487 3582 9.
532 3539 739 3597 reyium]
824 3539 1127 3597 ‘Belonging
1174 3542 1228 3586 to
1276 3550 1309 3585 a
1422 3538 1495 3583 24.
1524 3539 1792 3598 dexteram]
1824 3539 1929 3586 The
1950 3541 2120 3598 giving
2142 3541 2206 3587 of
2220 3542 2309 3590 the

385 3604 541 3661 king:
564 3611 576 3631 ⁶
589 3604 764 3661 royal!
823 3603 892 3651 H.
913 3605 1014 3652 325.
1363 3605 1498 3663 right
1517 3606 1654 3652 hand
1674 3618 1793 3665 wate,
1814 3607 1930 3655 with
1950 3608 2034 3656 the
2046 3607 2285 3660 Persians
