2492 3885
337 253 454 315 136
928 250 1342 303 CORNELIUS
1388 250 1643 304 NEPOS.

334 410 696 471 Mardonius
737 409 923 483 fusus,
968 409 1490 489 barbarorumque
1533 409 1839 469 exercitus
1882 409 2244 469 interfectus

335 511 452 567 est,
536 502 758 580 Neque
788 500 955 559 aliud
983 509 1079 560 est
1111 501 1303 559 ullum
1330 501 1511 579 hujus
1542 501 1603 559 in
1636 521 1700 560 re
1727 500 1978 559 militari
2004 500 2245 560 illustre

335 594 583 665 sactum,
613 597 794 671 quam
830 591 1012 669 hujus
1051 591 1292 670 imperii
1333 591 1664 665 memoria3
1694 591 1955 670 justitiae
1986 610 2151 664 vero,
2180 598 2245 649 et

335 684 661 764 aequitatis,
705 691 769 741 et
817 682 1180 742 innocentiae
1232 683 1459 742 multa:
1512 682 1575 741 in
1625 682 1852 761 primis,
1894 682 2062 761 quod
2110 682 2242 761 ejus

280 773 623 854 5aequitate
676 774 908 833 factum
956 782 1068 846 est,
1116 793 1307 852 quum
1360 773 1425 831 in
1473 773 1786 832 communi
1832 774 2028 833 classe
2076 783 2246 832 esset

337 865 590 925 Graeciae
619 863 799 923 simul
828 883 967 923 cum
996 861 1321 936 Pausania,
1353 884 1474 942 quo
1509 864 1665 922 duce
1706 862 2068 923 Mardonius
2113 873 2244 923 erat

335 956 602 1035 fligatuS‚
631 964 701 1014 ut
742 973 983 1014 summa
1022 953 1263 1032 imperii
1305 954 1597 1013 maritimi
1640 955 1717 1014 ab
1758 954 2244 1021 Lacedaemoniis

337 1047 768 1106 transferretur
795 1045 871 1103 ad
890 1043 1327 1104 Athenienses.
1410 1044 1699 1124 Namque
1729 1055 1874 1104 ante
1901 1045 1968 1104 id
1997 1055 2242 1123 tempus

338 1146 403 1196 et
429 1137 584 1196 mari
611 1146 675 1196 et
701 1145 864 1195 terra
891 1135 1078 1194 duces
1107 1144 1283 1194 erant
1304 1134 1772 1195 Lacedaemonii.
1841 1134 2006 1194 Tum
2036 1147 2245 1195 autem

243 1233 317 1292 10
340 1236 403 1288 et
444 1226 915 1306 intemperantia
956 1225 1299 1298 Pausaniae,
1327 1234 1391 1284 et
1421 1225 1670 1302 justitia
1710 1226 1943 1286 factum
1985 1237 2083 1286 est
2108 1225 2245 1285 Ari-

338 1318 532 1391 stidis,
561 1326 632 1376 ut
660 1335 873 1377 omnes
903 1315 1028 1375 fere
1057 1315 1341 1375 civitates
1364 1314 1619 1376 Graeciae
1651 1317 1731 1375 ad
1759 1308 2244 1375 Atheniensium

339 1408 699 1470 societatem
749 1427 816 1467 se
866 1405 1261 1484 applicarent,
1306 1416 1371 1466 et
1426 1407 1723 1466 adversus
1781 1407 2074 1466 barbaros
2128 1407 2265 1477 hos,

340 1500 527 1558 duces
569 1498 910 1576 deligerent
952 1495 1085 1556 sibi.

419 1588 541 1647 III.
626 1587 798 1659 Quos
841 1587 961 1666 qud
1007 1585 1243 1645 facilius
1290 1587 1673 1666 repellerent,
1715 1586 1769 1646 si
1811 1587 1969 1646 forte
2013 1585 2246 1648 bellum

244 1689 320 1749 15
340 1697 635 1738 renovare
677 1684 1059 1749 conarentur,
1098 1677 1175 1735 ad
1220 1677 1445 1736 classes
1489 1678 1882 1738 aedificandas
1925 1677 2247 1737 exercitus

341 1789 459 1848 que
514 1767 960 1846 comparandos
1017 1776 1318 1845 quantum
1378 1767 1653 1846 pecuniae
1713 1787 1969 1847 quaeque
2028 1767 2246 1827 civitas

341 1860 534 1930 daret,
572 1858 879 1917 Aristides
923 1857 1198 1916 delectus
1240 1867 1353 1931 est,
1382 1857 1488 1936 qui
1529 1859 1951 1930 constitueret,
1992 1858 2248 1937 ejusque

341 1950 592 2010 arbitrio
648 1949 1069 2029 quadringena
1125 1958 1190 2008 et
1248 1969 1559 2027 sexagena
1618 1950 1856 2009 talenta
1916 1948 2248 2029 quotannis

340 2041 571 2101 Delum
599 2050 747 2101 sunt
774 2041 1012 2100 collata.
1095 2038 1173 2098 Id
1213 2040 1381 2099 enim
1421 2060 1747 2100 commune
1789 2041 2071 2100 aerarium
2111 2059 2251 2100 esse

341 2225 432 2269 quo
479 2210 790 2256 barbarorum
839 2208 1073 2255 exercitus
1107 2209 1264 2271 fusus

341 2280 718 2340 Mardoniusque
747 2278 1026 2340 interfectus
1054 2284 1138 2325 est.

398 2350 442 2394 2.
474 2348 889 2409 Neque—ullum]
956 2349 1083 2394 ‘But
1122 2349 1262 2394 there

342 2420 385 2465 is
405 2431 471 2464 no
491 2418 666 2466 other?

399 2488 443 2534 3.
458 2486 620 2548 qudm]
677 2486 933 2544 ‘Except.’
976 2486 1093 2532 Nisi
1104 2487 1267 2543 might

343 2558 450 2604 also
489 2558 615 2603 have
654 2559 779 2603 been
818 2557 941 2603 used
986 2557 1119 2603 here.
1200 2557 1264 2602 In

345 2628 467 2673 such
506 2628 765 2681 instanceS,
809 2626 938 2672 alius
980 2627 1080 2672 and
1118 2627 1266 2672 aliter

346 2696 490 2740 stand
528 2696 580 2740 in
629 2707 660 2739 a
706 2694 931 2750 negative
976 2696 1156 2750 clause,
1205 2707 1265 2740 or

345 2765 461 2810 with
495 2776 559 2809 an
588 2764 930 2820 interrogative
963 2764 1088 2810 used
1118 2776 1266 2822 nega-

345 2833 516 2889 tively.

403 2901 659 2961 memoria]
714 2904 726 2927 ‘
741 2901 1000 2947 Account.’
1050 2904 1264 2949 Accord-

346 2972 431 3028 ing
479 2976 531 3017 to
579 2971 832 3025 Plutarch,
875 2972 1119 3018 AristIdes
1166 2984 1267 3018 was

347 3040 529 3086 second
565 3040 684 3096 only
721 3045 773 3085 to
809 3041 1058 3087 Miltiades
1097 3047 1148 3086 at
1182 3042 1267 3087 the

306 3107 317 3115 “
346 3109 499 3155 battle
519 3109 577 3154 of
599 3109 880 3155 Marathon.

403 3179 449 3223 4.
479 3178 533 3223 in
546 3179 724 3236 primis
736 3177 992 3237 —factum
1008 3178 1099 3237 est]
1144 3178 1268 3224 ‘Es-

346 3248 556 3305 pecially
576 3249 685 3293 that
701 3248 859 3293 which
883 3248 1133 3301 resulted,'
1154 3252 1245 3293 etc.

404 3318 449 3362 6.
493 3332 583 3377 quo
633 3316 771 3376 duce]
855 3316 1057 3361 ‘Under
1100 3317 1268 3361 whose

348 3384 515 3440 lead3‘
546 3385 758 3430 ablative
774 3382 1013 3428 absolute.
1075 3385 1143 3428 H.
1163 3384 1266 3428 430.

406 3452 450 3500 7.
498 3449 1034 3507 summa—maritime]
1136 3450 1269 3496 ‘The

350 3519 488 3565 chief
510 3518 772 3564 command
792 3529 857 3563 on
876 3519 960 3562 the
982 3518 1097 3563 sea.’

1381 2209 1452 2253 10.
1483 2208 1877 2269 intemperantia-z]
1956 2212 1969 2236 ‘
1984 2209 2090 2255 The
2112 2221 2250 2255 over-

1321 2279 1525 2335 bearing
1545 2279 1791 2324 conduct!

1381 2347 1449 2392 12.
1490 2347 1576 2393 hos
1590 2370 1650 2380 —
1664 2348 1779 2407 sien]

1324 2415 1431 2474 (the
1453 2415 1749 2472 Athenians)
1772 2427 1826 2460 as
1847 2416 1975 2460 their
2001 2416 2217 2471 leaders;
2237 2415 2251 2435 ’

1323 2485 1466 2531 duces
1487 2485 1528 2529 is
1548 2485 1812 2542 predicate.
1873 2485 1939 2530 H.
1962 2485 2064 2541 373,
2089 2485 2132 2529 l.

1874 2349 1887 2373 ‘
1907 2346 2068 2393 Chose
2110 2347 2251 2393 them

1371 2620 1480 2665 111.
1531 2620 1810 2665 Aristides
1851 2620 1900 2665 is
1944 2619 2248 2672 appointed

1322 2684 1381 2726 to
1397 2683 1474 2726 fix
1491 2683 1587 2727 the
1607 2686 1835 2726 amount
1854 2685 1913 2726 to
1925 2682 1993 2726 be
2007 2684 2250 2727 contrib-

1323 2745 1459 2788 uted
1477 2747 1551 2797 by
1565 2745 1700 2789 each
1716 2748 1858 2789 state
1872 2747 1930 2789 to
1945 2757 1976 2788 a
1994 2755 2251 2789 common

1324 2809 1595 2859 tax-eanum,
1629 2809 1728 2851 but
1759 2808 1880 2851 dies
1914 2809 1975 2851 in
2009 2809 2250 2859 poverty

1321 2871 1492 2913 about
1509 2869 1570 2912 B.
1587 2870 1644 2913 Ο.
1663 2870 1787 2917 470.

1386 2966 1457 3011 18.
1504 2965 1851 3026 quadrinyena,
1903 2965 2018 3025 etc.]
2111 2966 2252 3013 Four

1325 3035 1555 3081 hundred
1576 3036 1675 3081 and
1697 3037 1833 3093 sixty
1854 3036 2033 3081 talents
2059 3048 2091 3081 a
2109 3048 2248 3093 year.

1328 3103 1395 3148 H.
1420 3104 1518 3155 174.
1542 3102 1586 3158 2,
1611 3103 1675 3158 1).

1387 3171 1455 3215 19.
1497 3169 1695 3229 Delum]
1759 3171 1910 3216 Limit
1948 3170 2006 3216 of
2041 3172 2250 3218 motion.

1327 3238 1402 3284 Cf.
1425 3240 1590 3284 Justin
1614 3240 1681 3285 11.
1705 3240 1783 3285 ch.
1808 3240 1848 3285 Ι.
1883 3241 1979 3287 line
2001 3240 2045 3288 7.

1384 3308 1466 3367 Id]
1522 3309 1550 3353 i.
1569 3321 1630 3362 e„
1665 3309 1839 3354 Delum
1856 3326 1874 3364 ;
1903 3309 1989 3355 the
2020 3321 2250 3367 pronoun

1326 3392 1494 3436 agrees
1525 3380 1576 3425 in
1607 3381 1794 3436 gender
1816 3381 1934 3425 with
1970 3381 2053 3426 the
2086 3381 2249 3437 predi-

1328 3456 1432 3493 cate
1464 3461 1615 3505 noun,
1638 3450 1830 3495 instead
1860 3450 1918 3495 of
1942 3450 2025 3496 the
2057 3455 2249 3496 antece·

1329 3519 1462 3563 dent.
1524 3519 1590 3563 H.
1612 3518 1715 3574 445,
1737 3520 1781 3563 4.
