2492 3885
899 281 1454 334 EPAMINONDAS.
2011 280 2127 341 157

213 438 397 500 facile
440 459 766 519 perpessus
794 448 908 513 est,
950 450 1021 500 ut
1065 440 1144 500 de
1189 441 1502 520 republica
1545 439 1699 501 nihil
1743 449 1967 520 praeter
2004 440 2131 520 glo-

216 532 374 591 riam
415 531 665 610 ceperit,
696 532 1033 590 amicorum
1061 531 1121 590 in
1152 551 1218 591 se
1248 532 1484 592 tuendo
1527 531 1791 591 caruerit
1831 531 2132 592 facultati-

215 622 369 682 bus:
412 621 536 681 fide
582 622 659 680 ad
706 622 858 680 alios
902 622 1317 681 sublevandos
1364 620 1526 701 saepe
1573 623 1660 683 sic
1704 642 1853 682 usus
1904 633 2014 696 est,
2060 631 2130 683 ut

210 712 477 794 judicari
518 712 734 791 possit,
763 713 970 772 omnia
1009 713 1066 772 ei
1108 731 1250 772 cum
1292 713 1501 773 amicis
1542 714 1728 773 fuisse
1764 714 2129 774 communia.

219 803 389 864 Nam
420 823 610 882 quum
638 813 746 862 aut
773 803 999 862 civium
1029 823 1273 862 suorum
1304 804 1519 882 aliquis
1551 804 1628 862 ab
1655 804 1935 863 hostibus
1964 813 2130 864 esset
2190 810 2222 870 5

219 905 454 973 captus,
483 903 589 952 aut
631 894 807 972 virgo
849 893 1030 953 amici
1074 894 1314 965 nubilis,
1340 913 1476 973 quae
1520 904 1771 973 propter
1811 906 2132 973 pauperta-

218 995 354 1047 tem
381 985 666 1045 collocari
696 1006 819 1045 non
847 993 1074 1063 posset,
1106 985 1442 1044 amicorum
1484 986 1806 1045 consilium
1847 986 2133 1059 habebat,

221 1085 307 1149 et,
335 1086 634 1155 quantum
662 1076 919 1155 quisque
957 1076 1150 1149 daret,
1178 1096 1291 1155 pro
1330 1077 1728 1137 facultatibus
1769 1077 2131 1156 imperabat.

221 1166 507 1246 Eamque
554 1186 858 1225 summam
902 1186 1094 1245 quum
1140 1167 1389 1241 fecerat,
1433 1168 1786 1247 priusquam
1831 1168 2134 1247 acciperet

221 1257 566 1338 pecuniam,
611 1257 959 1317 adducebat
1005 1277 1164 1331 eum,
1209 1258 1316 1336 qui
1364 1259 1692 1337 quaerebat,
1736 1259 1815 1318 ad
1843 1278 1986 1333 'eoS,
2030 1259 2133 1337 qui
2153 1257 2229 1316 10

223 1348 644 1419 conferebant,
674 1348 852 1426 eique
880 1357 950 1407 ut
978 1347 1095 1426 ipsi
1124 1357 1534 1421 numerarent,
1562 1348 1860 1423 faciebat3
1903 1360 1973 1408 ut
2012 1349 2133 1422 ille,

225 1439 308 1500 ad
351 1459 537 1519 quem
579 1458 653 1498 ea
698 1434 797 1498 res
851 1438 1268 1518 perveniebat,
1310 1438 1511 1512 sciret,
1553 1449 1852 1518 quantum
1910 1440 2129 1520 cuique

200 1529 502 1590 'deberet-

312 1620 433 1681 IV.
517 1619 791 1680 Tentata
835 1628 1039 1680 autem
1086 1619 1216 1698 ejus
1263 1628 1361 1680 est
1396 1619 1769 1680 abstinentia
1810 1641 1847 1680 a
1885 1620 2138 1681 Diome-

229 1712 441 1785 donte,
470 1710 789 1789 Cyzicena
871 1710 1160 1788 Namque
1201 1710 1254 1769 is
1295 1720 1516 1789 rogatu
1558 1711 1924 1772 Artaxerxis
1970 1712 2133 1791 regis
2157 1714 2232 1774 15

228 1801 731 1882 Epaminondam
757 1801 1017 1880 pecunia
1043 1801 1558 1879 corrumpendum
1588 1811 1955 1881 susceperat.
2013 1802 2136 1862 Hic

230 1912 460 1972 magno
505 1912 645 1953 cum
690 1892 964 1972 pondere
1011 1891 1141 1951 auri
1178 1890 1425 1952 Thebas
1466 1892 1656 1966 venit,
1685 1903 1747 1952 et
1787 1892 2139 1973 Micythum

230 1985 764 2045 adolescentulum
791 1983 1061 2063 quinque
1088 1983 1339 2042 talentis
1384 1984 1463 2042 ad
1505 2003 1679 2043 suam
1719 1985 2009 2063 perduxit
2035 2003 2140 2044 vo-

229 2074 554 2147 luntatem,
583 2095 766 2153 quem
793 2085 930 2133 tum
973 2073 1438 2152 Epaminondas
1466 2074 1795 2153 plurimum
1826 2075 2139 2153 diligebat.

230 2164 550 2242 Micythus
577 2164 1077 2243 Epaminondam
1105 2165 1410 2237 convenit,
1439 2174 1505 2225 et
1545 2184 1794 2224 causam
1836 2166 2138 2224 adventus
2159 2170 2234 2230 20

229 2252 669 2314 Diomedontis
738 2254 1030 2314 ostendit.
1131 2253 1225 2314 At
1285 2254 1389 2314 ille
1451 2254 1857 2315 Diomedonti
1919 2275 2142 2329 coram,

294 2440 566 2555 Linikil—
580 2440 776 2501 ceperit]
837 2441 872 2488 i.
891 2454 954 2498 e.,
986 2440 1062 2487 for
1082 2440 1160 2486 his
1281 2440 1349 2487 11.
1383 2440 1501 2501 ipsi]
1563 2440 1615 2487 Is
1637 2442 1721 2487 the
1743 2442 2062 2489 nominative.

231 2520 346 2556 serv
368 2521 463 2556 ces.

292 2579 337 2625 2.
368 2580 422 2624 in
442 2594 491 2625 se
510 2579 704 2640 tuendo]
769 2582 783 2607 ⁴
800 2579 902 2626 For
934 2580 1013 2626 his
1049 2592 1161 2627 own
1271 2578 1371 2623 IV.
1424 2578 1542 2623 'I'he
1576 2579 2047 2633 incorruptibility
2075 2581 2139 2626 ot

231 2648 475 2705 support)
1220 2641 1655 2693 Epaminondas.

293 2716 526 2778 carzoen‘t]
590 2722 604 2745 ‘
620 2717 721 2764 Did
741 2717 985 2764 without!
1282 2717 1352 2762 14.
1385 2715 1567 2776 autem]
1628 2716 1680 2762 Is
1700 2717 1817 2764 here
1837 2729 1869 2763 a
1886 2719 2145 2765 transition

293 2786 338 2833 3.
375 2785 503 2846 fide]
571 2787 649 2833 Sc.
689 2788 990 2842 amicorum3
1033 2787 1164 2834 their
1221 2786 1441 2844 particle,
1463 2786 1628 2832 which
1647 2799 1764 2844 may
1784 2788 1846 2834 be
1865 2789 2072 2835 omitted
2093 2789 2146 2836 in

232 2855 519 2903 confidencc
550 2857 602 2902 in
632 2858 739 2903 him
768 2857 809 2903 is
840 2863 1021 2902 meant.
1222 2855 1533 2910 translating.

293 2927 339 2971 4.
374 2926 549 2985 possit]
611 2926 716 2973 The
757 2930 957 2984 present
993 2927 1163 2983 brings
1283 2925 1352 2971 15.
1384 2923 1691 2983 Artaxenoeis]
1745 2924 1777 2969 i.
1813 2936 1875 2981 e.,
1919 2925 2144 2973 Mnemo-

233 2995 322 3041 the
345 2995 619 3053 possibility
641 2997 789 3042 down
819 3001 873 3043 to
903 2996 988 3042 the
1018 2997 1164 3042 times
1222 2995 1315 3050 nis,
1365 2994 1480 3040 who
1528 2994 1716 3039 wished
1763 2999 1815 3039 to
1864 2999 2147 3042 counteract

235 3064 296 3110 of
318 3064 403 3109 the
425 3066 618 3110 author.
1197 3056 1202 3061 ’
1224 3063 1434 3120 Spartan
1456 3061 1699 3107 influence
1722 3063 1787 3118 by
1809 3064 2037 3120 secui-ing
2062 3064 2147 3110 tho

295 3132 342 3177 6.
372 3131 530 3192 viv-90]
594 3136 607 3159 ‘
625 3133 826 3180 Maiden
862 3133 1134 3190 daughter3
1150 3132 1163 3153 ’
1222 3131 1495 3188 friendship
1516 3130 1575 3176 of
1599 3131 1682 3175 the
1704 3129 1950 3176 Thebane.

238 3203 420 3259 supply
449 3208 582 3248 esset.
1280 3201 1349 3249 17.
1376 3198 1607 3259 pondere]
1682 3199 1788 3245 The
1827 3212 1935 3244 sum
1969 3201 2010 3245 is
2041 3201 2148 3247 said

290 3271 645 3331 paupertatem]
710 3275 722 3298 ‘
739 3272 1064 3318 Narrowness
1095 3270 1153 3317 of
1220 3272 1275 3315 to
1295 3269 1420 3315 have
1435 3271 1557 3315 been
1573 3268 1734 3326 30,000
1749 3267 1910 3314 darios
1923 3291 1983 3301 —
1996 3271 2151 3316 about

237 3340 447 3396 means‚’
476 3342 727 3398 requiring
756 3343 839 3387 the
869 3342 1078 3398 practice
1100 3339 1159 3386 of
1223 3337 1469 3394 316⁰,00Q

238 3422 509 3468 economy;
571 3410 741 3469 inopia
802 3410 903 3456 and
966 3414 1164 3469 eyestas,
1283 3405 1355 3450 21.
1389 3403 1720 3465 Diomedonti]
1788 3405 1969 3453 Dative
2021 3407 2150 3455 after

238 3479 429 3538 galling
459 3485 684 3538 porei-ty,
708 3480 964 3537 involving
993 3478 1164 3525 suffer·
1222 3476 1401 3534 inquit.

240 3547 343 3606 ing.
1281 3544 1465 3605 comm]
1529 3547 1543 3572 ‘
1560 3543 1633 3591 Τὸ
1653 3545 1732 3591 his
1754 3544 1893 3593 face?
