2492 3885
391 259 509 320 148
982 257 1397 310 CORNELIUS
1442 256 1698 318 NEPOS.

388 437 583 492 mans,
624 417 1022 479 barbarorum
1065 416 1275 497 praeda
1309 416 1685 496 locupletari,
1715 416 1902 495 quam
1946 412 2286 494 Grajorum.

392 510 534 581 Qua
574 529 651 569 ex
692 529 757 569 re
795 520 1069 569 creverat
1099 529 1288 587 quum
1331 509 1509 581 fama,
1538 516 1671 567 tum
1714 508 1952 586 opibus,
1982 523 2292 584 magnam-

394 620 512 680 que
561 599 896 661 amicitiam
943 600 1061 660 sibi
1109 620 1250 660 eum
1293 599 1664 680 quibusdam
1716 598 1965 678 regibus
2015 596 2295 656 Thraciae

372 700 729 770 pepererat.

336 775 374 834 5
472 781 661 842 VIII.
742 781 966 862 Neque
1007 789 1216 842 tamen
1257 800 1293 840 a
1338 781 1592 841 caritate
1633 779 1846 859 patriae
1887 781 2094 858 potuit
2134 800 2296 842 rece-

394 873 556 933 dere.
637 872 806 932 Nam
849 893 1040 953 quum
1082 872 1243 950 apud
1279 872 1483 951 AEgos
1525 872 1753 930 flumen
1799 871 2119 946 Philocles,
2146 888 2298 951 prae·

392 973 495 1024 tor
539 963 1032 1036 Atheniensium,
1080 964 1342 1023 classem
1390 962 1809 1022 constituisset
1855 982 2050 1036 suam,
2097 982 2297 1041 neque

393 1054 591 1134 longe-
619 1055 865 1114 abesset
905 1053 1242 1133 Lysander,
1271 1064 1497 1131 praetor
1536 1052 2164 1126 Lacedaemoniorum,
2193 1053 2299 1133 qui

393 1147 456 1205 in
486 1165 560 1205 eo
588 1153 720 1205 erat
749 1154 1099 1223 occupatuS,
1127 1154 1198 1203 ut
1238 1145 1468 1224 bellum
1499 1146 1685 1224 quam
1728 1144 2072 1204 diutissime
2118 1145 2299 1205 duce-

297 1232 374 1293 10
395 1248 505 1308 ret,
545 1235 710 1315 quod
753 1235 899 1313 ipsis
943 1235 1203 1314 pecunia
1248 1253 1286 1294 a
1327 1254 1471 1312 rege
1517 1234 2043 1313 suppeditabatur,
2086 1245 2302 1295 contra.

392 1325 880 1385 Atheniensibus
937 1325 1253 1384 exhaustis
1308 1335 1532 1404 praeter
1578 1344 1749 1393 arma
1795 1334 1861 1384 et
1908 1344 2099 1384 naves
2146 1326 2302 1386 nihil

395 1428 528 1478 erat
571 1437 785 1495 super:
840 1416 1194 1476 Alcibiades
1242 1416 1323 1476 ad
1368 1417 1704 1494 exercitum
1746 1417 1920 1476 venit
1962 1417 2303 1478 Athenien-

396 1509 573 1581 sium,
621 1508 827 1586 ibique
874 1518 1176 1586 praesente
1223 1508 1414 1586 vulgo
1464 1527 1646 1586 agere
1688 1507 1906 1586 coepit3
1954 1508 2007 1567 si
2049 1509 2301 1583 vellent,

397 1617 464 1658 se
506 1608 861 1658 coacturum
903 1596 1294 1675 Lysandrum
1335 1597 1641 1670 dimicare,
1670 1607 1778 1657 aut
1821 1617 2041 1676 pacem
2086 1610 2300 1678 petere

300 1689 377 1750 15
398 1688 699 1767 spondet3
728 1687 1228 1747 Lacedaemonios
1255 1707 1329 1747 eo
1357 1689 1520 1747 nolle
1549 1689 1742 1748 classe
1774 1689 2105 1769 confligere
2133 1690 2298 1770 quod

397 1777 786 1858 pedestribus
830 1778 1019 1856 copiis
1065 1778 1220 1856 pluS,
1266 1780 1450 1857 quam
1494 1779 1772 1853 navibus,
1820 1780 2135 1855 valerent3
2185 1781 2305 1841 sibi

400 1879 609 1929 autem
649 1888 785 1928 esse
824 1869 1000 1928 facile
1045 1868 1338 1942 Seuthen,
1366 1889 1576 1949 regem
1615 1869 1945 1946 Thracum,
1974 1873 2302 1947 adducere,

398 1971 471 2021 ut
497 1981 602 2021 eos
631 1968 794 2021 terra
821 1960 1189 2039 depelleret3
1231 1981 1354 2040 quo
1380 1960 1546 2020 facto
1574 1963 1919 2022 necessario
1956 1973 2065 2024 aut
2107 1965 2305 2025 classe

399 2052 842 2123 conflicturum,
881 2060 989 2110 aut
1027 2051 1258 2110 bellum
1301 2051 1803 2130 compositurum.
1884 2053 1962 2113 Id
2004 2054 2126 2114 etsi
2159 2073 2306 2115 vere

301 2151 380 2212 20
400 2143 634 2202 dictum
678 2141 980 2201 Philocles
1024 2140 1576 2215 animadvertebat,
1613 2151 1821 2203 tamen
1864 2145 2183 2222 postulata
2222 2146 2307 2204 fa-

399 2253 534 2294 cere
575 2232 790 2307 noluit,
819 2231 986 2311 quod
1027 2232 1354 2305 sentiebat,
1394 2251 1479 2306 se,
1506 2233 1830 2294 Alcibiade
1872 2245 2140 2314 recepte,
2179 2235 2309 2295 nul-

399 2399 534 2442 must
554 2396 679 2441 have
701 2395 825 2441 been
847 2394 1095 2449 intended,
1110 2407 1164 2441 as
1181 2395 1321 2442 there
1379 2397 1570 2443 writers
1590 2397 1827 2444 translate
1855 2398 1976 2455 only
1996 2400 2083 2445 the
2114 2397 2309 2445 limited

398 2467 500 2512 had
521 2467 639 2522 long
671 2465 838 2511 before
869 2465 969 2510 this
999 2466 1124 2511 been
1156 2466 1322 2513 Greek
1379 2477 1533 2521 noun,
1565 2466 1811 2522 retaining
1847 2465 1933 2511 the
1967 2466 2131 2513 Greek
2170 2465 2309 2523 geni-

400 2537 612 2583 oolonies
633 2546 698 2580 on
718 2534 803 2580 the
825 2538 975 2580 coast.
1379 2534 1499 2580 tive.

1440 2602 1707 2663 Phildcles]
1740 2603 1899 2650 There
1912 2616 2041 2651 were
2054 2604 2150 2651 five
2164 2604 2310 2650 other

449 2673 611 2717 VIII.
646 2672 718 2716 In
736 2672 824 2716 his
843 2671 987 2716 exile
1006 2673 1325 2718 Alcibiades
1382 2671 1632 2717 Athenian
1668 2673 2028 2729 commanderS,
2063 2674 2156 2719 but
2189 2672 2309 2719 Phi·

399 2737 640 2780 remains
670 2735 907 2778 devoted
940 2737 999 2779 to
1037 2737 1125 2779 his
1156 2747 1325 2780 coun-
1383 2740 1532 2787 locles
1553 2752 1655 2785 was
1676 2741 1837 2798 acting
1867 2742 2069 2800 general
2097 2741 2184 2787 the
2207 2741 2310 2798 day

401 2800 510 2850 try,
527 2798 628 2840 but
646 2797 733 2840 1²18
753 2798 1007 2842 eounsels
1035 2809 1126 2843 ΜΘ
1151 2799 1324 2843 &⁸¹¹0-
1384 2809 1441 2854 of
1456 2809 1540 2854 the
1561 2809 1729 2854 battle.
1790 2809 1871 2854 He
1892 2821 1994 2854 was
2014 2809 2165 2854 taken
2188 2810 2312 2867 pris-

401 2859 623 2911 ssarded·
1384 2889 1518 2932 oner,
1540 2878 1640 2923 and
1671 2878 1865 2934 shortly
1894 2878 2186 2924 afterwards
2218 2881 2313 2937 put

459 2948 504 2993 5.
523 2946 685 3007 Neque
701 2946 884 3006 tamen]
934 2946 1013 2992 Cf.
1033 2961 1183 3007 neque
1197 2961 1323 3004 vero,
1384 2952 1436 2992 to
1458 2947 1622 2993 death.
1755 2943 1760 2950 ¹

403 3016 481 3063 oh.
503 3017 566 3063 V.
590 3017 686 3062 line
710 3017 780 3062 16.
1442 3016 1486 3061 9.
1536 3016 1593 3061 in
1640 3015 1854 3077 eo—wt]
1946 3019 1960 3043 ‘
1976 3015 2099 3063 Was
2151 3017 2314 3064 intent

459 3085 504 3131 6.
536 3085 670 3131 Nam
691 3083 856 3145 quum]
914 3083 1019 3131 The
1042 3084 1328 3133 conclusion
1385 3085 1556 3143 upon.’
2099 3099 2111 3108 ⁵

402 3154 573 3211 begins
594 3158 646 3200 at
666 3155 763 3199 line
795 3153 866 3198 12.
1447 3156 1515 3200 12.
1537 3160 1642 3201 erat
1659 3154 1823 3216 super]
1879 3156 2112 3203 Unusual
2132 3156 2213 3203 for
2232 3171 2314 3203 su-

461 3223 835 3283 AEqosflumen]
900 3222 1071 3268 Called
1094 3222 1222 3269 from
1242 3224 1328 3270 the
1378 3229 1574 3282 pererat
1589 3242 1608 3280 ;
1658 3237 1690 3270 a
1728 3237 1840 3271 case
1878 3225 1938 3271 of
1977 3226 2312 3284 hyperbaton.

405 3292 570 3338 Greek
595 3290 953 3349 AEqospotami,
982 3291 1013 3336 i.
1036 3303 1099 3346 e.,
1128 3291 1327 3336 ‘Goat's
1387 3292 1453 3338 H.
1476 3294 1577 3349 704,
1599 3294 1691 3341 IV.

404 3358 591 3406 River.’
651 3358 699 3403 It
720 3370 818 3403 was
838 3369 869 3402 a
901 3358 1045 3402 small
1076 3364 1255 3403 stream
1276 3360 1327 3405 in
1447 3362 1517 3407 13.
1554 3368 1785 3421 praesente
1830 3363 1992 3424 vec-lya]
2086 3366 2101 3391 ‘
2119 3365 2182 3411 In
2226 3365 2313 3411 the
2403 3409 2414 3418 ,

405 3430 491 3474 the
511 3427 751 3472 Thracian
774 3427 1093 3481 Chersonese,
1117 3428 1327 3484 directly
1386 3441 1616 3485 presence
1638 3432 1695 3477 of
1719 3432 1801 3477 the
1823 3433 2041 3489 soldiery
2062 3432 2092 3487 ς’
2116 3481 2120 3485 .
2132 3435 2314 3491 proba·

408 3497 631 3554 opposite
650 3503 703 3541 to
723 3496 1041 3552 Lampsacus
1058 3498 1210 3541 about
1229 3501 1328 3542 two
1385 3498 1471 3555 bly
1493 3500 1544 3544 in
1564 3501 1710 3546 order
1728 3505 1780 3547 to
1798 3504 1913 3559 gain
1934 3503 2063 3548 their
2087 3506 2309 3562 support.

408 3565 551 3610 miles
599 3565 730 3611 from
772 3563 955 3609 Sestos.
1033 3564 1139 3611 The
1182 3566 1329 3612 Latin
1443 3568 1603 3627 ayere]
1667 3572 1681 3596 ‘
1695 3569 1769 3617 To
1788 3571 2013 3619 declare.’
