2492 3885
337 253 454 312 142

927 254 1341 308 CORNELIUS
1384 257 1639 310 NEPOS.

332 413 633 488 tudinem,
673 413 1045 493 postulabat,
1083 415 1136 475 si
1177 415 1327 496 quid
1372 416 1450 476 de
1491 436 1559 477 se
1601 416 1702 497 agi
1737 416 1988 490 vellent,
2026 416 2234 496 potius

333 506 412 564 de
457 514 759 583 praesente
802 506 1060 585 quaestio
1107 507 1451 581 haberetur,
1495 513 1679 588 quam
1723 509 1944 568 absens
1988 507 2235 567 invidiae

334 595 586 655 crimine
636 607 1037 656 accusaretur.

1132 596 1376 657 Inimici
1418 618 1567 659 vero
1615 598 1746 677 ejus
1797 599 2236 677 quiescendum

334 687 397 747 in
427 687 732 767 praesenti,
752 688 896 767 quia
924 689 1130 748 noceri
1159 710 1281 749 non
1311 710 1492 768 posse
1520 690 1964 769 intelligebant,
1992 699 2057 750 et
2084 689 2236 750 illud

280 770 317 830 5
336 787 581 858 tempus
610 779 1095 857 exspectandum
1137 781 1559 854 decreverunt,
1589 801 1710 859 quo
1752 781 1998 854 exisset,
2027 790 2098 839 ut
2139 780 2237 840 ab·

335 882 576 930 sentem
630 871 1145 949 aggrederentur3
1199 871 1411 952 itaque
1472 872 1761 932 fecerunt.

1852 871 2022 930 Nam
2075 881 2238 950 poste

335 981 520 1039 quam
563 961 626 1021 in
675 962 945 1022 Siciliam
990 981 1129 1020 eum
1174 963 1532 1040 pervenisse
1580 962 1987 1035 crediderunt,
2030 962 2238 1021 absen-

334 1060 481 1126 tem,
509 1053 675 1133 quod
715 1073 890 1113 sacra
930 1052 1241 1126 violasset,
1279 1073 1454 1126 reum
1494 1054 1787 1113 fecerunt.
1869 1053 2012 1125 Qua
2050 1053 2129 1112 de
2171 1071 2236 1112 re

335 1162 525 1221 quum
553 1143 611 1203 ei
638 1144 889 1203 nuntius
919 1164 956 1204 a
983 1144 1350 1223 magistratu
1382 1144 1444 1204 in
1478 1144 1748 1204 Siciliam
1787 1143 2012 1203 missus
2054 1151 2236 1217 esset,
2297 1186 2300 1189 -

241 1232 316 1291 10
337 1244 406 1293 ut
453 1234 706 1294 domum
754 1235 835 1293 ad
883 1254 1134 1297 causam
1182 1235 1508 1296 dicendam
1556 1235 1801 1308 rediret,
1844 1243 2128 1314 essetque
2170 1234 2235 1294 in

332 1335 558 1403 magna
585 1345 692 1404 spe
721 1325 1048 1403 provinciae
1086 1326 1243 1385 bene
1280 1326 1818 1399 administrandae3
1857 1345 1981 1385 non
2024 1345 2235 1404 parere

332 1416 547 1488 noluit,
590 1425 655 1474 et
701 1415 763 1475 in
808 1416 1074 1488 trierem,
1116 1437 1252 1495 quae
1297 1419 1377 1476 ad
1422 1405 1564 1477 eum
1608 1417 2062 1496 deportandum
2104 1423 2236 1475 erat

332 1506 536 1579 missa,
584 1504 880 1566 ascendit.

974 1506 1115 1566 Hac
1162 1508 1429 1569 Thurios
1478 1509 1542 1568 in
1590 1508 1841 1568 Italiam
1886 1516 2235 1586 pervectus,

332 1597 527 1655 multa
563 1616 773 1655 secum
814 1607 1106 1674 reputans
1151 1598 1229 1656 de
1271 1599 1678 1659 immoderata
1717 1598 1943 1659 civium
1985 1616 2235 1657 suorum

240 1689 314 1750 15
334 1686 578 1747 licentia
613 1687 1098 1767 crudelitateque
1141 1709 1289 1768 erga
1328 1691 1583 1765 nobiles,
1615 1689 2010 1750 utilissimum
2048 1697 2236 1761 ratus,

332 1777 793 1856 impendentem
844 1778 1075 1837 evitare
1116 1789 1570 1858 tempestatem,
1613 1781 1767 1841 clam
1811 1800 1877 1840 se
1920 1780 1999 1838 ab
2040 1787 2238 1839 custo-

333 1869 514 1928 dibus
557 1868 870 1941 subduxit,
900 1878 963 1927 et
1003 1869 1148 1928 inde
1189 1870 1455 1949 primum
1498 1872 1762 1945 Elidem,
1800 1871 1943 1930 dein
1987 1870 2234 1929 Thebas

331 1960 521 2020 venit.

390 2105 434 2150 2.
476 2104 749 2164 haberetur]
824 2105 926 2151 For
970 2106 1055 2151 the
1110 2107 1258 2151 omis-

333 2174 443 2220 sion
465 2176 523 2220 οἳ
546 2180 614 2229 ut,
638 2187 717 2221 see
741 2175 806 2220 H.
829 2175 931 2231 493,
952 2174 996 2220 2.

389 2243 584 2288 invidt'oe
602 2243 824 2303 crimine]
888 2246 901 2269 ‘
917 2244 993 2289 On
1014 2256 1076 2289 an
1099 2244 1257 2290 invid-

332 2311 443 2357 ious
464 2313 674 2369 charge!

390 2383 435 2427 3.
467 2381 823 2442 quiescendum]
898 2381 976 2428 Sc.
1009 2395 1108 2428 esse
1144 2381 1255 2428 eibi.

332 2452 402 2498 Η.
424 2453 527 2507 301,
547 2452 592 2509 2,
615 2453 716 2498 and
736 2452 840 2498 388.

387 2522 433 2567 4.
468 2521 651 2581 nocerz]
715 2523 792 2568 Sc.
804 2521 865 2567 ei.
924 2522 1026 2568 For
1046 2523 1143 2568 this
1163 2522 1255 2568 im-

329 2592 559 2649 personal
589 2592 940 2648 construction,
973 2592 1036 2638 cf.
1069 2593 1252 2649 Justin,

331 2659 374 2706 1.
397 2661 474 2706 ch.
496 2660 539 2705 Ι.
563 2661 659 2706 line
678 2659 722 2715 2,
746 2673 793 2716 p.
813 2660 887 2706 55.

387 2729 432 2775 8.
464 2730 626 2787 saera]
704 2729 879 2775 Resers
913 2732 966 2774 to
1000 2728 1250 2787 mysteria,

331 2799 384 2845 in
404 2799 482 2844 ch.
506 2798 602 2843 111.
626 2799 722 2844 line
745 2798 814 2855 12,
846 2811 894 2855 p.
921 2799 1022 2844 141.

389 2880 524 2912 reum
541 2866 790 2928 fecerunt]
869 2866 1183 2921 ‘Accuscd3'
1223 2879 1257 2912 a

324 2936 555 2995 juridical
575 2937 880 2993 expression.
1003 2943 1009 2949 ·

388 3006 435 3051 9.
465 3021 497 3051 a
525 3004 834 3066 maqistratu]
896 3006 1003 3063 ‘By
1023 3006 1107 3052 the
1136 3018 1255 3064 gov-

331 3075 588 3132 emment.'

392 3144 459 3189 10.
491 3143 558 3188 ad
587 3156 784 3188 causam
815 3142 1090 3201 dicendam]
1153 3144 1167 3167 ‘
1182 3141 1257 3187 To

329 3212 475 3270 plead
512 3212 588 3257 his
622 3223 767 3257 cause
785 3226 798 3266 ;
816 3211 828 3230 '
868 3211 930 3258 cf.
968 3226 1103 3258 reum
1120 3210 1256 3274 fece-

329 3286 462 3337 runt,
489 3283 662 3327 above.

388 3348 1072 3408 essetque—administrandae]
1107 3351 1120 3375 ‘
1137 3349 1255 3394 And

331 3418 590 3463 cherished
630 3421 802 3473 strong
845 3418 998 3473 hopes
1043 3417 1100 3462 of
1139 3430 1253 3462 con-

332 3488 536 3544 ducting
584 3487 662 3533 his
718 3486 984 3532 command
1040 3497 1256 3532 success-

332 3553 498 3611 fully.’

1307 2751 1310 2754 ·
1366 2729 1703 2789 utilissimum]

602 1959 946 2039 Postquam
994 1970 1204 2020 autem
1253 1981 1318 2021 se
1368 1957 1585 2041 capitis
1633 1963 2013 2035 danmatum,
2057 1961 2233 2021 bonis

1376 2108 1446 2153 11.
1476 2122 1573 2153 mm
1584 2107 1779 2166 parere]
1844 2109 1857 2133 ‘
1872 2106 2125 2164 Disobey.’

1377 2176 1443 2221 12.
1477 2176 1693 2236 trierem]
1754 2178 1801 2221 A
1822 2175 1987 2222 Greek
2002 2176 2141 2222 word
2159 2175 2236 2221 for

1314 2246 1572 2292 triremem.

1374 2316 1443 2360 13.
1479 2315 1607 2374 Hac]
1670 2314 1847 2360 Refers
1868 2318 1921 2360 to
1940 2313 2150 2360 tmerem.

1376 2384 1605 2444 ΤΙηινίοε]
1657 2386 1701 2430 A
1724 2385 1824 2441 city
1846 2384 2083 2440 founded,
2099 2383 2159 2429 Β.
2179 2384 2234 2431 O.

1312 2454 1415 2510 443,
1451 2456 1520 2511 by
1554 2467 1586 2499 a
1623 2454 1806 2510 colony
1843 2454 1902 2499 of
1940 2455 2233 2510 Athenians,

1313 2536 1434 2570 near
1452 2525 1536 2570 the
1555 2525 1694 2569 ruins
1714 2525 1772 2569 of
1796 2524 2017 2580 Sybaris.

1374 2595 1444 2639 15.
1471 2593 1606 2652 erqa]
1669 2593 1730 2639 In
1752 2594 1973 2639 classical
1993 2594 2237 2650 languago

1310 2663 1353 2708 is
1374 2663 1564 2708 seldom
1585 2664 1709 2708 used
1729 2663 1781 2708 in
1801 2674 1834 2708 a
1852 2663 2030 2709 hostile
2048 2674 2207 2709 sense.

1778 2730 2036 2777 Predicate
2074 2730 2236 2788 adiec-

1310 2800 1427 2845 tive.
1487 2801 1555 2845 H.
1585 2800 1688 2856 373,
1710 2799 1757 2845 2.

1372 2868 1443 2916 17.
1475 2868 1691 2927 Elidem]
1753 2867 1859 2914 The
1880 2868 2060 2928 capital
2080 2868 2140 2913 of
2150 2868 2236 2915 the

1313 2941 1524 2993 country
1545 2938 1603 2983 of
1619 2939 1705 2983 the
1725 2948 1861 2983 same
1882 2950 2054 2991 name;
2085 2938 2130 2983 if
2153 2937 2236 2983 the

1313 3007 1458 3053 latter
1491 3008 1591 3052 had
1628 3008 1751 3053 been
1785 3010 1969 3063 meant,
2002 3008 2044 3052 it
2069 3006 2238 3052 would

1312 3076 1439 3123 have
1461 3079 1583 3123 been
1602 3076 1658 3121 in
1679 3076 1891 3122 Elidem.

1375 3146 1442 3191 18.
1474 3145 1607 3191 bonis
1634 3144 1915 3204 publicatis]
1977 3144 2072 3191 We
2099 3156 2236 3191 occa-

1315 3213 1527 3270 sionally
1572 3214 1677 3260 flnd
1724 3214 1963 3259 ablativos
2011 3214 2236 3259 absolute

1314 3282 1507 3328 formed
1521 3284 1642 3328 with
1662 3283 1746 3328 the
1766 3283 1950 3339 perfect
1963 3283 2233 3338 participle,

1313 3355 1366 3396 to
1395 3364 1598 3409 express
1629 3364 1661 3397 a
1687 3354 2042 3397 circumstance
2073 3352 2236 3397 which

1314 3419 1433 3463 does
1455 3424 1541 3464 not
1560 3421 1780 3476 precede,
1795 3420 1883 3464 but
1895 3413 2234 3475 accompanies

1313 3498 1371 3530 or
1390 3486 1601 3541 sellom,
1619 3487 1704 3532 the
1718 3487 1851 3532 main
1872 3487 2053 3533 action.
2093 3486 2231 3533 Mad·

1316 3554 1414 3611 vig,
1435 3554 1537 3611 431,
1559 3553 1677 3600 Obs.
1697 3553 1741 3600 2.
