2492 3885
371 252 487 313 160
962 252 1377 304 CORNELIUS
1423 250 1679 303 NEPOS.

366 411 604 492 paritur
643 429 766 490 pax
807 410 989 472 bello.
1071 409 1294 491 Itaque
1339 410 1446 492 qui
1489 422 1563 471 ea
1609 410 1847 474 diutina
1874 410 2096 470 volunt
2138 409 2279 484 frui,

369 502 533 561 bello
562 501 882 561 exercitati
910 521 1041 562 esse
1072 502 1319 562 debent.
1384 501 1590 572 Quare
1620 501 1671 560 ei
1699 501 2002 580 principes
2025 501 2279 560 Graeciae

367 592 559 652 vultis
607 612 758 665 esse,
800 594 1014 652 castris
1058 604 1154 653 est
1192 593 1370 652 vobis
1413 592 1730 665 utendum,
1770 613 1894 651 non
1941 591 2281 671 palaestral'

370 683 552 743 Idem
579 683 682 743 ille
711 683 1090 744 Meneclides
1120 705 1313 764 quum
1339 684 1482 743 huic
1509 684 1817 762 objiceret,
1847 683 2011 762 quod
2052 684 2281 743 liberos

314 773 351 831 5
371 794 494 834 non
523 775 795 847 haberet,
822 794 1021 853 neque
1050 794 1306 834 uxorem
1341 774 1652 848 duxisset3
1694 775 2085 853 maximeque
2126 774 2284 833 inso-

370 865 645 938 lentiam,
667 865 831 944 quod
861 865 978 926 sibi
999 865 1490 944 Agamemnonis
1512 865 1657 925 belli
1683 865 1944 944 gloriam
1964 865 2283 924 videretur

372 967 770 1016 consecutus:
813 954 979 1028 “at,”
1020 956 1142 1030 ille,
1168 954 1483 1028 “desine,”
1513 956 1730 1035 inquit,
1757 955 2173 1029 “Meneclida,
2202 956 2285 1015 de

372 1067 563 1107 uxore
593 1047 743 1106 mihi
770 1047 1165 1125 exprobrare3
1194 1066 1339 1106 nam
1369 1047 1598 1106 nullius
1625 1047 1686 1105 in
1720 1049 1840 1106 ista
1864 1066 1930 1105 re
1958 1047 2161 1105 minus
2189 1046 2286 1105 uti

373 1138 629 1198 consilio
655 1136 854 1198 v010.”
922 1137 1244 1216 (Habebat
1267 1138 1432 1196 enim
1460 1137 1839 1197 Meneclides
1869 1137 2287 1216 suspicionem

277 1228 354 1288 10
375 1228 706 1305 adulterii.)
793 1235 828 1265 “
847 1228 1033 1300 Quod
1063 1239 1273 1287 autem
1302 1248 1403 1287 me
1430 1228 1967 1308 Agamemnonem
2007 1228 2288 1287 aemulari

372 1330 576 1399 patae,
615 1318 860 1378 falleris
941 1318 1233 1397 Namque
1273 1319 1376 1378 ille
1420 1339 1560 1384 cum
1600 1319 1888 1378 universa
1913 1319 2154 1379 Graecia
2176 1318 2288 1377 vix

373 1410 591 1469 decem
639 1409 815 1468 annis
861 1427 1051 1468 unam
1097 1410 1263 1488 cepit
1309 1411 1558 1483 urbem;
1624 1429 1741 1489 ego
1784 1419 1998 1469 contra
2045 1428 2122 1469 ea
2162 1420 2291 1469 una

373 1501 527 1560 urbe
556 1509 769 1559 nostra
796 1499 1016 1578 dieque
1058 1519 1184 1560 uno
1224 1510 1424 1560 totam
1454 1500 1771 1575 Graeciam,
1798 1499 2287 1560 Lacedaemoniis

375 1589 623 1669 fugatis,
650 1588 957 1649 liberavi.”

280 1686 356 1747 15
457 1679 576 1740 VI.
657 1679 837 1739 Idem
882 1700 1073 1759 quum
1115 1680 1180 1740 in
1225 1689 1600 1741 conventum
1644 1680 1918 1741 venisset
1950 1681 2290 1755 Arcadum,

374 1780 634 1851 petens,.
657 1780 730 1830 ut
774 1770 1137 1831 societatem
1181 1790 1324 1831 cum
1366 1771 1677 1831 Thebanis
1723 1780 1788 1830 et
1830 1772 2083 1850 Argivis
2128 1772 2292 1830 face-

376 1870 550 1936 rent3
580 1871 914 1941 contraque
945 1862 1351 1935 Callistratu8‚
1379 1862 1854 1938 Atheniensium
1891 1862 2153 1941 legatus,
2182 1862 2292 1941 qui

378 1954 730 2033 eloquentia
763 1973 976 2013 omnes
1019 1974 1094 2013 eo
1134 1955 1470 2031 praestabat
1511 1964 1804 2032 tempore,
1830 1954 2188 2032 postularet,
2221 1964 2291 2013 ut

377 2045 587 2124 potius
635 2043 968 2104 amicitiam
997 2055 1399 2124 sequerentur
1425 2045 1794 2118 Atticorum,
1822 2055 1888 2104 et
1913 2044 1979 2104 in
2008 2045 2289 2104 oratione

283 2143 361 2205 20
376 2146 493 2200 sua
535 2135 735 2195 multa
777 2134 1059 2194 invectus
1104 2144 1271 2195 esset
1313 2134 1380 2194 in
1421 2134 1749 2194 Thebanos
1794 2145 1858 2194 et
1897 2136 2186 2214 Argivo&
2221 2134 2292 2195 in

377 2310 433 2353 to
460 2306 705 2353 restrain.’
762 2305 870 2352 The
901 2306 1156 2363 imperfect
1184 2308 1303 2353 here
1411 2305 1511 2350 VI.
1552 2307 1670 2352 'I'he
1691 2282 1993 2360 eloquence
2012 2307 2292 2360 opram-

379 2377 584 2423 denotas
603 2388 670 2423 an
692 2377 964 2434 attempted
993 2376 1172 2422 aetion.
1233 2376 1302 2422 Η.
1360 2369 1609 2417 moneas,
1635 2370 1694 2412 in
1730 2371 2043 2422 opposition
2076 2372 2135 2415 to
2170 2370 2293 2415 Oa-l-

377 2447 482 2504 459'
505 2447 547 2492 1ο
830 2467 848 2512 ο,
1361 2430 1627 2479 haustus,
1645 2432 1707 2475 B.
1729 2433 1786 2477 Ο.
1806 2432 1931 2479 370.

436 2516 483 2561 3.
513 2515 680 2577 vultis]
741 2515 847 2562 The
865 2515 1094 2562 Thebans
1114 2528 1198 2562 are
1216 2515 1304 2561 ad·
1423 2520 1492 2565 15.
1523 2534 1670 2578 quum
1683 2542 1745 2553 —
1758 2520 1981 2580 venisset]
2044 2519 2151 2566 The
2173 2532 2292 2567 con-

376 2584 600 2632 dressed.
1361 2588 1553 2634 clusion
1602 2589 1773 2645 begins
1803 2589 1920 2635 with
1959 2588 2073 2635 lado
2119 2590 2177 2634 in
2211 2602 2293 2635 re-

436 2654 482 2698 5.
511 2666 662 2712 neque
681 2666 879 2699 uxorem
898 2651 1130 2712 duxisset]
1178 2652 1307 2698 celi-
1364 2656 1637 2716 spondendo
1661 2656 2042 2715 Epaminondas,
2064 2657 2242 2703 below.

379 2723 508 2778 bacy
525 2733 626 2767 was
650 2722 889 2778 regarded
909 2734 964 2767 as
985 2723 1308 2768 inconsistent
1424 2727 1495 2774 17.
1531 2726 1863 2785 Callistratus]
1926 2727 1972 2773 A
2013 2727 2296 2774 celebrated

380 2790 503 2836 with
523 2791 801 2847 patriotism
822 2791 871 2834 in
891 2790 975 2836 the
1003 2793 1141 2848 early
1160 2792 1307 2837 times
1365 2797 1614 2842 Athenian
1634 2800 1817 2853 orator,
1835 2799 2004 2844 whose
2019 2798 2295 2854 eloquence

381 2859 441 2905 of
455 2860 638 2905 Grcece
659 2860 759 2905 and
780 2859 957 2906 Rome.
1365 2867 1562 2912 excited
1595 2866 1680 2913 the
1711 2866 2007 2913 admiration
2037 2867 2138 2913 and
2169 2866 2297 2913 flred

438 2929 484 2975 6.
514 2928 626 2988 sibi]
688 2928 867 2975 Dative
887 2929 1014 2975 atter
1033 2930 1287 2977 videretur.
1365 2937 1449 2981 the
1479 2936 1717 2981 ambition
1747 2936 1806 2982 of
1829 2936 2206 2982 Demosthenes
2229 2936 2296 2982 In

438 2997 1127 3059 Aqamemnanis—qloriam]
1180 3002 1194 3025 ‘
1208 3001 1308 3057 Ag·
1366 3004 1535 3061 public
1572 3003 1736 3049 affairs
1776 3004 1840 3050 he
1873 3004 2129 3062 generally
2150 3004 2299 3051 sided

380 3067 689 3113 amemnon’s
708 3068 852 3124 glory
874 3069 924 3113 in
944 3069 1077 3114 war.²
1368 3074 1489 3119 with
1522 3074 1711 3138 Sparta.

441 3137 510 3181 10.
547 3135 685 3187 Quod
695 3137 929 3197 —putafl
991 3139 1080 3183 ‘As
1110 3142 1162 3184 to
1181 3151 1312 3196 your
1429 3142 1498 3193 18.
1529 3143 1712 3201 omnes]
1738 3142 1969 3189 Omnibus
1989 3143 2031 3188 is
2050 3145 2136 3191 the
2155 3155 2297 3192 more

386 3206 688 3263 supposing.’
1368 3212 1513 3257 usual
1536 3213 1887 3258 construction.

444 3276 512 3319 11.
530 3274 754 3336 falleris]
775 3277 788 3300 ‘
802 3275 918 3321 You
939 3275 1136 3323 deceive
1157 3289 1309 3334 your·
1424 3280 1496 3325 20.
1530 3281 1705 3340 multa]
1769 3281 1874 3328 The
1897 3286 2073 3328 neuter
2094 3293 2295 3328 accusa-

384 3342 508 3388 self.’
569 3342 635 3388 Η.
658 3343 760 3398 465,
785 3343 827 3387 1.
1365 3349 1468 3393 tive
1486 3348 1546 3394 of
1560 3361 1591 3394 a
1609 3361 1835 3406 pronoun
1857 3361 1916 3396 or
1934 3351 1995 3395 of
2017 3362 2048 3395 a
2067 3350 2298 3396 numeral

444 3411 515 3456 13.
538 3410 912 3457 Lacedoemoniie
941 3409 1164 3472 fuqatis]
1242 3415 1311 3460 At
1366 3416 1606 3472 adjective
1650 3419 1842 3475 (unum,
1892 3418 2064 3473 multa,
2107 3419 2295 3477 pauca)

383 3478 469 3522 the
489 3478 641 3524 battle
661 3477 720 3523 of
743 3478 966 3535 Leuctra,
987 3480 1039 3525 in
1071 3479 1156 3526 the
1187 3493 1310 3538 year
1368 3486 1650 3530 sometimes
1683 3486 1878 3533 follows
1912 3499 1943 3532 a
1970 3489 2095 3534 verb
2124 3494 2177 3534 to
2207 3499 2287 3534 ex·

385 3544 443 3594 B.
468 3545 524 3591 C.
545 3545 648 3595 371.
1367 3563 1505 3609 prees
1525 3554 1610 3598 the
1631 3558 1805 3600 extent
1823 3555 1883 3601 of
1896 3555 1982 3602 the
2004 3557 2186 3604 action.
