2492 3885
373 273 454 335 36
982 272 1293 326 PHAEDRI
1335 274 1671 327 FABULAE.

372 431 537 509 Tum
562 431 964 494 circumeunti
989 433 1190 495 fuerat
1217 434 1385 515 quod
1413 434 1534 495 iter
1557 435 1824 515 longius,
2244 437 2284 494 5

370 522 597 584 Effecit
621 524 901 584 brevius:
944 543 1212 604 namque
1242 535 1409 603 recta
1435 546 1547 605 per
1572 526 1776 586 forum

372 613 578 693 Coepit
602 614 819 674 redire.
900 613 987 675 Et
1016 615 1267 694 quidam
1296 635 1331 676 e
1359 618 1542 677 turba
1566 618 1846 697 garrulus
1871 636 1888 678 τ

370 705 673 785 “AEsope‚
703 706 905 767 medio
934 708 1065 766 sole
1096 708 1245 788 quid
1279 728 1419 769 cum
1447 709 1724 770 lumine?
1742 710 1778 740 ”
1894 713 1901 720 ’

371 802 406 833 “
424 795 1049 877 Hominem‚”·inquit,
1076 805 1111 835 ‘⁶
1127 799 1389 880 quaer0‚”
1406 809 1473 860 et
1500 800 1653 861 abiit
1679 801 1979 864 festinans
2007 803 2282 866 domum.

372 886 514 946 Hoe
540 886 594 947 si
619 887 916 947 molestus
946 888 1047 948 ille
1076 889 1158 948 ad
1185 889 1460 950 animum
1486 891 1744 966 rettulit,
2205 895 2280 955 10

373 978 582 1039 Sensit
606 978 881 1058 profecti)
910 996 979 1039 se
1007 980 1320 1040 hominem
1347 1000 1474 1042 non
1501 981 1705 1042 visum
1731 983 1883 1059 seni,

370 1067 818 1150 Intempestive
838 1070 950 1150 qui
977 1081 1280 1152 occupato
1309 1072 1623 1134 adluserit.

428 1217 473 1262 5.
513 1216 656 1275 Tum]
691 1216 932 1263 Construe
955 1224 968 1242 ⁴
988 1217 1112 1263 Tum
1131 1217 1294 1278 effecit
1352 1219 1602 1278 Cynic.—
1619 1220 1838 1281 domum]
1901 1221 1972 1267 H.
2010 1222 2115 1279 379,
2144 1223 2191 1278 3,
2215 1222 2279 1280 1).

370 1286 465 1332 iter
495 1285 696 1341 brevius,
730 1286 859 1345 quod
881 1285 1063 1347 fuerat
1098 1288 1294 1348 lonqius
1414 1289 1482 1334 ll.
1512 1288 1778 1351 hominem]
1844 1293 1916 1339 ‘A
1938 1291 2087 1337 man’
2117 1293 2171 1338 in
2199 1293 2304 1339 the‘

371 1356 461 1416 (ei)
482 1355 833 1401 circumeunti-⁹
1351 1370 1532 1419 proper
1550 1372 1690 1406 sense
1710 1361 1770 1407 of
1792 1361 1875 1407 the
1895 1361 2048 1407 word.
2181 1388 2187 1395 ·

427 1426 474 1472 6.
503 1424 656 1485 recti]
703 1425 779 1470 Sc.
801 1425 903 1472 υἰᾶ.
933 1426 1013 1471 Hs
1030 1425 1136 1478 335.
1155 1427 1202 1480 4,
1220 1426 1294 1484 2).
1412 1428 1481 1473 12.
1511 1435 1741 1489 occupato
1780 1429 2044 1489 adluserit]
2118 1431 2285 1477 ‘who

429 1495 473 1541 8.
505 1497 660 1541 medio
680 1493 798 1553 sole]
824 1495 853 1540 i.
870 1507 934 1545 e..
949 1495 1108 1542 medio
1125 1497 1224 1549 die.
1236 1509 1295 1543 or
1350 1498 1520 1544 would
1547 1504 1638 1556 put
1666 1511 1696 1545 a
1722 1500 1821 1557 ,iest
1842 1512 1974 1557 upon
2006 1500 2113 1545 him
2134 1501 2285 1547 while

371 1564 815 1624 meridia—quid]
878 1565 959 1612 Se.
980 1566 1106 1625 nqis.
1351 1568 1520 1625 busily
1559 1569 2155 1634 engaged.j—adlusev·it]
2221 1569 2285 1616 In

429 1635 474 1680 9.
522 1634 780 1680 Hominem
812 1656 874 1669 —
906 1636 1087 1696 quoero]
1189 1636 1297 1683 The
1354 1638 1438 1684 the
1468 1638 1778 1695 subjunctive
1816 1638 1944 1685 after
1982 1638 2068 1699 qui
2098 1640 2151 1684 iu
2196 1640 2285 1687 the

375 1716 509 1752 same
530 1710 663 1764 story
685 1704 727 1750 is
750 1705 856 1752 told
871 1706 930 1752 of
943 1707 1189 1765 Diogenes
1210 1707 1297 1753 the
1353 1718 1495 1755 sense
1515 1707 1576 1754 of
1601 1722 1748 1769 quum
1766 1707 1833 1755 is.
1893 1708 1962 1756 H.
1984 1708 2091 1766 517,
2117 1708 2161 1757 1.

938 2023 1331 2092 FABULA
1389 2023 1709 2091 XXXV.

1012 2212 1254 2256 ASINUS
1295 2213 1385 2256 ET
1428 2213 1641 2255 GALLI.

451 2352 577 2425 Qui
607 2360 788 2413 natus
821 2362 918 2413 est
943 2352 1173 2427 infelix,
1199 2375 1326 2415 non
1354 2354 1548 2414 vitam
1577 2353 1764 2414 mode

448 2445 719 2505 Tristem
748 2444 1032 2518 decurrit,
1059 2449 1275 2504 verum
1302 2456 1447 2525 post
1473 2446 1712 2506 obitum
1741 2464 1984 2527 quoque

448 2535 852 2616 Persequitur
879 2535 1052 2594 illum
1081 2535 1235 2595 dura
1261 2536 1374 2596 fati
1403 2536 1663 2597 miseria.

528 2627 691 2688 Galli
721 2627 1005 2706 Cybebes
1036 2626 1263 2688 circum
1291 2627 1354 2686 in
1384 2630 1655 2707 quaes'tus
1685 2627 1909 2688 ducere

445 2718 715 2778 Asinum
744 2718 1026 2778 solebant
1053 2718 1432 2796 bajulantem
1460 2718 1748 2779 sarcinas.
2238 2722 2279 2781 5

447 2808 513 2868 Is
542 2829 732 2888 quum
758 2808 966 2869 labore
995 2817 1059 2868 et
1086 2809 1285 2888 plagis
1316 2818 1481 2869 esset
1511 2818 1812 2884 mortuuS,

445 2899 747 2959 Detracta
773 2899 931 2978 pelle
960 2899 1074 2959 sibi
1100 2899 1380 2960 fecerunt
1407 2909 1721 2979 tympana.

447 2988 682 3068 Rogati
709 3010 854 3049 mox
883 3009 920 3049 a
949 2990 1233 3069 quodam,
1263 2997 1297 3027 “
1314 2989 1533 3050 delicio
1563 3009 1676 3050 suo

451 3079 765 3151 Quidnam
792 3079 1172 3139 fecissent?''
1202 3082 1320 3141 hoe
1348 3080 1539 3141 loeuti
1567 3090 1713 3141 sunt
1739 3081 1962 3142 modo:

426 3225 651 3272 FABULA
671 3226 891 3272 XXXV.
953 3226 1000 3271 3.
1031 3225 1155 3271 dura
1178 3226 1292 3286 fati
1351 3228 1440 3274 she
1461 3227 1561 3273 had
1581 3240 1611 3274 a
1630 3228 1828 3286 temple.
1843 3249 1905 3261 —
1924 3228 2153 3291 Cybeben]
2198 3233 2276 3280 Cf.

368 3294 593 3354 miseria]
658 3296 790 3341 ‘The
810 3296 1033 3353 rigorous
1054 3296 1292 3355 hardship
1348 3296 1421 3353 32,
1443 3298 1631 3343 4.—in
1662 3298 1886 3359 quaestus]
1921 3300 1951 3344 i.
1974 3311 2038 3354 e.,
2058 3307 2116 3347 ut
2131 3301 2279 3364 faee-

369 3366 427 3411 οἰ
441 3365 574 3411 fate?
1349 3372 1457 3412 rent
1499 3372 1745 3425 quaestum,
1784 3371 1797 3395 ⁴
1812 3369 1865 3415 in
1900 3370 2048 3416 order
2086 3376 2139 3417 to
2183 3375 2281 3431 beg

426 3438 471 3482 4.
509 3435 661 3494 Galli]
724 3434 830 3480 The
845 3436 1018 3492 priests
1034 3435 1092 3481 of
1105 3435 1292 3493 Cybele
1351 3436 2114 3500 money.’—circum—ducere]
2159 3442 2280 3501 Sep-

329 3504 337 3522 '
369 3518 499 3552 were
547 3516 603 3550 so
643 3504 804 3551 called
851 3505 981 3550 from
1028 3504 1114 3550 the
1163 3505 1293 3551 river
1350 3505 1519 3551 arated
1537 3507 1605 3562 by
1626 3507 1834 3564 TmesiS,
1856 3509 1925 3554 H.
1946 3510 2046 3566 704,
2071 3511 2166 3557 IV.
2186 3512 2234 3558 3.

371 3574 565 3631 Gallus,
604 3574 658 3620 in
696 3573 929 3632 Phrygia,
970 3584 1092 3619 near
1129 3574 1293 3620 which
1407 3574 1452 3621 8.
1483 3574 1671 3635 delicio]
1735 3577 1914 3624 ‘Their
1930 3580 2061 3636 good
2079 3580 2278 3629 friend:
