2492 3885
992 257 1415 325 HANNIBAL.
2043 272 2155 333 181

243 430 586 505 facturum3
641 451 825 512 quem
881 430 934 491 si
989 439 1099 491 aut
1152 431 1477 511 cepissent,
1527 440 1636 493 aut
1687 430 2160 507 interfecissent,

245 541 474 601 magno
517 523 589 582 iis
629 523 958 602 pollicetur
995 523 1248 601 praemio
1288 524 1458 582 fore?

327 612 445 672 XI.
466 608 489 613 “
515 613 655 673 Tali
683 613 1106 673 cohortatione
1134 613 1404 673 militum
1430 615 1608 687 facta,
1637 614 1848 674 classis
1880 614 1958 674 ab
1985 615 2160 675 utris-

246 724 368 784 que
415 705 477 763 in
528 705 808 783 proelium
857 704 1202 764 deducitur.
1292 704 1572 776 Quarum
1620 705 1750 764 acie
1799 705 2156 779 constituta,

244 795 601 875 priusquam
645 796 888 875 signum
930 815 1152 875 pugnae
1198 795 1465 868 daretur,
1495 794 1827 866 Hannibal,
1854 804 1925 855 ut
1952 797 2157 874 palam
2217 797 2248 858 5

244 886 476 947 faceret
522 886 668 959 suis,
716 907 838 966 quo
885 886 1022 945 loco
1066 885 1379 945 Eumenes
1430 895 1611 960 esset,
1651 886 2037 946 tabellarium
2092 887 2155 947 in

245 977 475 1055 scapha
501 996 642 1036 cum
671 977 941 1036 caduceo
983 976 1192 1036 mittit.
1277 975 1404 1047 Qui
1447 976 1551 1035 ubi
1593 976 1675 1035 ad
1715 995 1905 1036 naves
1950 977 2159 1036 adver-

244 1068 570 1129 sariorum‘
595 1068 892 1147 pervenit,
942 1068 1389 1147 epistolamque
1445 1069 1776 1127 ostendens
1817 1086 1899 1128 se
1949 1088 2155 1147 regem

242 1159 556 1238 professus
599 1168 694 1218 est
734 1178 1021 1239 quaerere‚
1064 1159 1280 1219 statim
1328 1159 1408 1217 ad
1457 1158 1804 1218 Eumenem
1852 1160 2154 1220 deductus

244 1257 360 1322 est,
388 1248 553 1329 quod
595 1270 779 1309 nemo
825 1250 1166 1323 dubitabat,
1206 1249 1439 1329 aliquid
1484 1250 1562 1309 de
1606 1270 1758 1329 pace
1803 1271 1935 1311 esse
1978 1251 2157 1330 scrip-
2176 1252 2252 1312 10

242 1348 397 1399 tum.
480 1339 882 1413 Tabellarius,
931 1340 1104 1406 ducis
1152 1361 1312 1400 nave
1364 1341 1673 1401 declarata
1727 1341 1869 1414 suis,
1918 1342 2155 1414 eodem,

242 1430 412 1488 unde
472 1438 606 1490 erat
653 1451 954 1509 egressus,
997 1450 1064 1490 se
1105 1431 1354 1509 recepit.
1437 1431 1531 1491 At
1578 1430 1907 1505 Eumenem,
1949 1433 2151 1492 soluta

242 1520 523 1599 epistola,
542 1521 696 1581 nihil
726 1522 788 1579 in
818 1533 893 1581 ea
918 1522 1161 1601 reperit,
1181 1522 1300 1582 nisi
1328 1542 1463 1602 qnae
1496 1523 1573 1581 ad
1602 1522 1982 1582 irridendum
2012 1543 2154 1582 eum

239 1611 642 1689 pertinerent.
725 1610 918 1690 Cujus
946 1611 1061 1670 etsi
1091 1632 1332 1691 causam
1366 1613 1719 1685 mirabatur,
1748 1632 1948 1693 neque
1991 1631 2156 1690 repe-

240 1700 530 1774 riebatur,
558 1710 767 1760 tamen
809 1703 1087 1781 proelium
1130 1704 1340 1763 statim
1387 1704 1775 1763 committere
1818 1724 1939 1762 non
1986 1704 2249 1770 dubi-15

239 1790 419 1849 tavit.
503 1790 746 1850 Horum
774 1791 836 1851 in
866 1812 1162 1852 concursu
1193 1792 1477 1871 Bithynii
1506 1793 1868 1853 Hannibalis
1896 1814 2156 1873 praecep·

239 1888 311 1939 to
339 1880 609 1940 universi
648 1901 870 1941 navem
914 1881 1210 1941 Eumenis
1256 1883 1668 1949 adoriuntur„
1718 1881 1997 1955 Quorum
2025 1883 2153 1944 vim

239 1991 351 2031 rex
402 1993 594 2051 quum
642 1975 947 2034 sustinere
997 1994 1117 2033 non
1169 1986 1400 2053 posset,
1449 1976 1595 2053 fuga
1648 1975 1912 2035 salutem
1961 1974 2152 2053 petit3

240 2082 426 2142 quain
457 2076 821 2124 consecutus
862 2085 989 2124 non
1031 2074 1214 2139 esset,
1241 2066 1362 2125 nisi
1401 2066 1718 2125 intra‘sua
1763 2064 2045 2143 praesidia
2086 2083 2152 2123 se

239 2154 593 2233 recepisset,
623 2176 759 2235 quae
787 2156 851 2215 in
879 2155 1162 2236 proximo
1192 2157 1370 2216 litore
1400 2165 1575 2215 erant
1604 2157 1918 2216 collocata.
1991 2154 2152 2214 Reli·
2171 2157 2246 2218 20

239 2264 379 2324 quae
435 2244 837 2324 Pergamenae
891 2266 1083 2307 naves
1125 2267 1319 2327 quum
1364 2245 1750 2305 adversarios
1803 2254 2152 2324 premerent

240 2335 459 2409 acrius,
487 2347 741 2415 repente
769 2337 834 2396 in
863 2357 965 2397 eas
993 2357 1145 2398 vasa
1172 2338 1402 2411 fictilia,
1420 2338 1498 2396 de
1527 2338 1748 2416 quibus
1778 2355 1963 2415 supra
1989 2356 2153 2395 men-

237 2426 474 2486 tionem
515 2427 789 2501 fecimuS,
820 2429 1040 2508 conjici
1082 2437 1285 2508 coepta
1325 2438 1488 2488 sunt.
1571 2428 1726 2500 Quae
1760 2428 1932 2506 jacta
1975 2427 2149 2487 initio

236 2517 430 2578 risum
473 2519 893 2598 pugnantibus
938 2520 1342 2592 concitarunt,
1372 2539 1588 2599 neque,
1617 2538 1803 2597 quare
1850 2518 1915 2577 id
1958 2518 2148 2592 fieret,

236 2619 487 2688 poterat
528 2610 820 2688 intellegi.
890 2610 1233 2691 Postquam
1267 2620 1473 2670 autem
1501 2628 1690 2670 naves
1720 2629 1860 2669 suas
1890 2607 2242 2688 comple-'25

295 2755 342 2801 2.
373 2755 461 2816 iis]
515 2749 623 2804 One
644 2758 704 2805 of
716 2762 817 2805 two
836 2759 1028 2806 datives
1044 2761 1164 2807 with
1225 2758 1332 2804 The
1353 2756 1533 2803 tablets
1557 2768 1623 2802 on
1643 2756 1804 2801 which
1835 2756 2000 2802 letters
2021 2724 2170 2803 were:

221 2824 362 2888 fore.
423 2827 491 2872 H.
514 2827 616 2873 390.
1223 2829 1419 2873 written
1441 2838 1567 2871 were
1588 2825 1687 2871 tied
1711 2824 1829 2869 with
1849 2837 1878 2869 a
1897 2825 2072 2870 thread
2091 2838 2149 2871 or

540 2916 548 2922 ·
1224 2897 1399 2953 ὅπως,
1434 2895 1599 2943 which
1641 2906 1743 2940 was
1783 2883 1989 2940 secured
2029 2895 2147 2940 with

286 2952 389 2996 X1.
468 2952 748 2998 Hannibal
822 2954 1164 3007 vanquishes
1221 2978 1355 3013 wax,

235 3011 524 3058 Eum0¹²0⁸
549 3015 624 3067 by
653 3026 686 3060 ὅ
711 3017 1026 3068 ⁸¹⁵¹'atass'0m‘
1282 3036 1353 3082 14.
1365 3032 1681 3095 pertinerent]
1744 3033 2064 3090 subjunctive
2083 3031 2141 3078 of

292 3100 339 3145 4.
377 3098 617 3160 Quarum]
680 3101 713 3147 i.
730 3113 792 3155 e„
812 3101 1057 3158 classium,
1070 3101 1175 3147 im«
1219 3106 1392 3151 result.

234 3166 368 3223 plied
391 3167 442 3211 in
464 3167 633 3213 chasia
651 3167 711 3213 ab
730 3169 959 3228 utrisque.
1284 3173 1456 3233 Cujus]
1519 3173 1597 3219 Sc.
1619 3170 1840 3231 epistoloe.

294 3235 338 3283 7.
385 3235 610 3296 caduceo]
672 3238 720 3282 A
756 3239 901 3284 wand
941 3250 998 3283 or
1038 3237 1159 3283 staff
1277 3242 1623 3301 reperiebatur]
1699 3242 1776 3286 Sc.
1812 3252 1974 3286 causa.
2039 3238 2145 3287 The

233 3305 425 3350 carried
457 3307 526 3362 by
547 3306 744 3352 heralde
778 3307 877 3352 and
912 3309 1161 3353 ambassa-
1220 3312 1410 3369 change
1431 3316 1482 3357 to
1503 3312 1587 3357 the
1611 3311 1802 3368 passive
1825 3309 2018 3366 implies
2039 3310 2147 3356 that

235 3374 370 3428 dore,
412 3375 512 3420 and
561 3377 947 3434 corresponding
986 3381 1039 3421 to
1076 3376 1160 3422 the
1220 3382 1387 3426 others
1408 3393 1538 3426 were
1559 3380 1758 3425 curious
1778 3390 1833 3424 as
1854 3383 1905 3424 to
1925 3380 2009 3425 the
2038 3391 2144 3425 mo-

234 3443 446 3489 modern
479 3443 579 3502 flag
607 3445 664 3490 of
686 3452 838 3491 truce.
1218 3449 1320 3494 tive
1341 3447 1400 3493 of
1418 3448 1502 3493 the
1523 3448 1679 3493 letter.

298 3512 369 3558 12.
398 3514 556 3560 soluta
592 3514 812 3573 epistola]
878 3514 928 3561 Is
959 3516 1160 3573 equiva-
1281 3516 1351 3561 19.
1383 3515 1638 3573 proeeidia]
1716 3513 1986 3569 Defences;
2021 3514 2054 3560 i.
2077 3525 2141 3571 6.,

237 3579 342 3628 lent
385 3586 439 3628 to
483 3582 658 3629 vinctis
706 3583 915 3643 epistola
962 3584 1158 3631 laxatis.
1219 3588 1382 3629 castra
1403 3582 1618 3636 nautica,
1641 3582 1814 3627 below.
